2122 4196
81 490 405 545 mmssffiffi
447 492 840 546 [2]ἵὲλὶςὲῶὶᾓῖῶὶᾓῖὣῦ

82 625 210 684 animae
240 626 372 685 lumen:
405 643 445 685 ex
477 626 572 686 Patre
602 635 677 686 ante
709 626 840 687 saecula

81 722 237 798 genitum.
281 722 399 783 Amen.

112 916 170 977 DE
192 917 406 980 OCCVRSV
429 918 480 979 ET
503 919 807 982 SVSCEPTIONE

260 1016 495 1079 CAELESTIS
520 1016 660 1080 REGIS.

438 1176 483 1240 [ιι]
847 1181 861 1221 5

83 1253 271 1473 ffilcite
279 1312 375 1387 filiae
387 1311 487 1373 Sion:
500 1328 571 1374 ecce
579 1313 645 1372 Rex
660 1318 734 1373 tuus
749 1313 839 1374 venit

211 1408 270 1470 tibi
281 1415 475 1469 mansuetus.
492 1410 581 1472 Olim
594 1412 686 1471 Deus
698 1411 837 1488 loquens

80 1507 227 1583 patribus
249 1517 281 1567 et
302 1508 481 1583 prophetia,
502 1509 623 1569 multos
641 1519 744 1571 testes
759 1528 838 1571 suae

80 1605 315 1666 incarnationis
336 1605 520 1682 praemisit:
543 1616 575 1667 et
596 1625 683 1668 nunc
699 1609 760 1668 sub
776 1609 838 1668 eis-

79 1704 155 1764 dem
178 1720 283 1780 paene
304 1704 414 1764 verbis
437 1704 570 1764 cuilibet
591 1705 718 1765 animae
741 1705 838 1781 fideli,
850 1725 875 1766 ro

78 1800 133 1860 sui
148 1800 309 1861 adventus
324 1811 453 1877 tempus
468 1801 645 1862 denuntiat.
669 1803 775 1864 Dicite
791 1804 838 1863 in·

78 1897 151 1974 quit
179 1897 264 1958 filiae
287 1897 385 1974 Sion,
412 1917 473 1959 vos
495 1900 549 1976 qui
572 1899 735 1975 spiritales
758 1901 838 1961 estis
866 1913 870 1930 ’

78 2005 112 2055 et
133 1996 326 2072 prophetiae
352 1997 502 2073 spiritum
532 1999 674 2075 habetis3
703 2008 757 2059 aut
778 2017 838 2060 vos

77 2094 135 2170 qui
151 2095 328 2171 prophetas
343 2095 469 2171 legistis
480 2105 512 2155 et
526 2096 705 2172 scripturas
715 2097 837 2158 nostis:

78 2193 178 2253 dicite
190 2193 323 2269 inquam
339 2193 466 2254 animae
477 2195 670 2271 expectanti,
685 2205 717 2255 et
727 2212 836 2255 meum
849 2216 874 2256 rs

78 2291 255 2352 adventum
277 2291 452 2366 plurimum
473 2292 688 2368 desideranti3
711 2301 745 2352 ut
762 2309 837 2353 ocu-

78 2391 128 2448 los
156 2388 232 2449 fidei
255 2406 335 2450 suae
356 2389 494 2465 aperiat:
526 2399 558 2450 et
579 2407 632 2450 me
654 2389 762 2451 statim
785 2391 837 2450 ad·

78 2504 154 2547 esse
193 2496 377 2563 cognoscat.
434 2486 518 2546 Nam
558 2489 654 2547 talem
696 2487 835 2547 animam

77 2601 201 2662 quaero
223 2601 308 2660 quae
329 2601 382 2644 me
405 2584 518 2644 videre
541 2585 720 2645 desiderat:
743 2585 836 2645 etde

75 2700 129 2742 me
159 2682 351 2759 frequenter
379 2682 506 2758 cogitat.
550 2683 635 2742 Huic
665 2683 782 2742 mando
805 2693 872 2743 etzo

76 2781 235 2841 remando
258 2796 300 2840 ne
321 2780 427 2840 taedio
448 2789 588 2856 torpeat:
614 2782 672 2840 sed
695 2781 836 2857 evigilet,

74 2887 188 2955 surgat
211 2886 244 2937 et
266 2886 423 2952 expectet.
453 2876 534 2938 Oret
553 2878 690 2954 proinde
705 2889 737 2939 et
752 2880 836 2955 legat

73 2975 203 3037 litteras
234 2991 324 3034 meas
353 2974 393 3034 de
420 2975 519 3035 caelis
548 2975 609 3035 sibi
642 2977 835 3052 destinatas3

73 3073 224 3134 intendat
247 3072 295 3132 eis
312 3072 518 3149 frequenter:
540 3082 573 3133 et
587 3074 691 3133 donec
706 3073 835 3134 veniam

73 3179 205 3231 recreet
227 3187 264 3229 se
286 3169 320 3230 in
342 3170 401 3245 eis,
424 3179 455 3230 et
471 3170 659 3231 consoletur
672 3171 872 3246 valenter325

74 3286 136 3329 nec
167 3267 305 3328 desistat
326 3286 344 3328 a
366 3269 527 3344 precando
550 3277 583 3328 et
604 3268 835 3329 desiderando:

73 3367 151 3444 quia
166 3364 308 3426 veniens
317 3366 447 3426 veniam
464 3376 496 3426 et
506 3383 571 3426 non
587 3367 730 3426 tardabo.
754 3367 835 3426 Lou-

74 3481 146 3541 gam
163 3465 246 3525 satis
261 3481 384 3534 moram
399 3464 552 3540 protraxi,
572 3474 706 3541 repente
722 3464 835 3524 venire

76 3562 184 3622 nolui:
206 3562 319 3638 plures
338 3571 446 3622 tamen
462 3571 494 3622 et
508 3562 687 3622 sollemnes
702 3560 835 3621 nuntios

445 3666 472 3708 er
699 3665 729 3707 5·
