2114 4168
378 405 542 460 Epllegomena.

80 539 214 600 codices
227 556 294 599 non
310 547 430 613 extent,
447 538 480 597 in
496 538 549 597 his
563 537 838 615 recognoscendis

80 638 169 681 unus
191 619 244 678 ΑΖ
266 619 420 678 nimirum
443 619 633 696 sequendus
661 617 756 677 nobis
778 617 839 677 fuit

80 700 241 778 neglectis
272 699 484 774 editionibus,
515 717 651 776 quarum
680 698 839 758 lectiones

80 799 121 842 eo
136 789 261 842 tantum
278 779 415 841 consilio
431 779 627 856 aliquotiens
643 795 839 839 commemo·

80 862 169 936 ravi,
198 871 246 936 ut,
275 878 370 938 quam
393 877 458 920 non
482 860 647 921 fidendum
672 860 720 919 eis
742 868 840 934 esset,

80 944 215 1019 planum
228 941 380 1001 lacerem.
403 941 597 1002 Orationum
609 940 740 1017 quidem
751 957 840 1017 pror-

80 1041 141 1084 sus
164 1022 226 1083 alia
248 1022 328 1083 ratio
351 1031 417 1096 est,
446 1039 527 1098 quas
556 1021 617 1081 etsi
641 1037 749 1098 neque
771 1020 839 1079 scio

81 1105 171 1164 unde
188 1102 385 1163 Sommalius
400 1102 587 1179 sumpserit,
602 1118 709 1178 neque
725 1101 758 1160 in
774 1101 840 1160 ullo

82 1184 198 1245 codice
221 1182 353 1258 offendi,
375 1193 483 1244 tamen
506 1183 584 1258 quin
600 1181 744 1242 Thomae
766 1198 840 1240 esse

82 1264 270 1326 censendae
299 1263 381 1338 sint,
408 1263 489 1323 nihil
518 1263 639 1323 dubito.
683 1261 780 1338 Quod
807 1271 841 1322 ut

82 1345 227 1418 credam,
241 1361 377 1404 moveor
388 1343 538 1419 inprimis
554 1343 751 1404 testimoniis
766 1359 842 1402 ano-

83 1425 176 1502 nymi
192 1425 263 1484 loco
280 1424 371 1484 XXll
389 1425 470 1484 haec
484 1424 656 1485 tradentis:
674 1423 842 1484 Orationes

83 1507 126 1566 de
135 1506 290 1580 passione
304 1506 440 1564 etheata
451 1505 573 1579 virgine
587 1510 620 1565 et
632 1505 709 1564 aliis
722 1504 843 1563 sanctis

85 1596 118 1646 et
135 1585 310 1646 Mauburni
326 1586 407 1644 haec
423 1585 663 1645 enumerantis:
684 1585 731 1643 De
747 1584 844 1642 laude

85 1669 201 1726 heatae
220 1666 361 1740 virginis.
389 1666 577 1726 Etsanctae
590 1664 729 1740 Agnetis.
766 1663 843 1724 Ora-

86 1748 190 1807 tiones
212 1747 255 1806 ad
282 1751 411 1806 sanctos
423 1751 441 1816 ¹,
470 1746 589 1822 quibus
617 1763 675 1805 sex
703 1745 743 1804 de
772 1762 843 1820 pas-

87 1827 182 1888 sione
216 1826 348 1886 Domini
385 1826 569 1901 orationes,
604 1841 687 1902 quae
722 1825 755 1884 in
786 1822 847 1884 Sll

86 1910 249 1968 216-223
265 1907 426 1982 primurn¹
447 1908 617 1980 habentur,
640 1915 671 1966 et
694 1913 844 1981 quattuor

87 1988 253 2049 orationes
275 1988 316 2047 de
337 1987 430 2047 beata
451 1987 576 2063 virgine
599 1986 713 2060 Maria,
735 1985 843 2061 singu-

87 2071 137 2129 las
166 2069 206 2129 de
234 2086 278 2128 ss.
305 2068 448 2128 Iohanne
472 2067 617 2144 Baptista
646 2077 677 2126 et
700 2067 843 2126 Iohanne

88 2149 305 2226 Evangelista,
329 2149 410 2208 duas
432 2149 472 2208 de
494 2166 519 2208 s.
542 2146 666 2207 Thoma
688 2148 844 2224 apostolo,

88 2230 235 2306 singulas
257 2230 297 2290 de
314 2229 407 2288 beata
423 2229 528 2289 Maria
543 2229 736 2305 Magdalena
758 2237 789 2288 et
804 2227 844 2287 de

89 2329 116 2370 s.
148 2309 273 2386 Agnete
305 2309 380 2369 ibid.
416 2327 445 2386 p.
476 2311 636 2369 571-585
666 2310 715 2384 (--·-:
747 2325 845 2384 supra

87 2391 262 2465 355-399)
297 2391 451 2449 collectas
487 2389 661 2466 significari
698 2399 843 2464 apertum

89 2480 149 2532 est.
193 2471 273 2530 Rem
303 2470 346 2530 ita
375 2487 411 2530 se
433 2471 554 2530 habere
578 2487 617 2530 eo
642 2469 763 2530 certius
785 2478 845 2544 est,

89 2551 176 2628 quod
199 2559 230 2610 et
251 2549 393 2611 Thomas
415 2552 582 2626 apostolus
608 2559 763 2626 patronus
786 2549 846 2609 luit

90 2631 234 2691 Thomae
265 2649 283 2690 a
313 2630 449 2707 Kempis
484 2631 518 2691 in
554 2632 654 2691 altera
684 2631 723 2690 ad
754 2631 844 2690 illum

90 2712 260 2773 oratione³
288 2713 347 2770 has
375 2728 492 2787 preces
521 2711 706 2771 fundentis:
741 2709 783 2769 Tu
814 2726 847 2769 es

90 2793 176 2853 enim
198 2793 315 2852 electus
336 2791 513 2867 discipulus
535 2792 604 2852 lesu
633 2796 665 2851 et
692 2807 779 2850 meus
800 2790 847 2849 di-

91 2876 192 2934 lectas
213 2873 389 2948 apostolus,
412 2889 505 2946 quem
528 2873 607 2932 mihi
620 2872 791 2947 specialem
813 2871 846 2929 in

86 2959 263 3030 patronum
285 2958 317 3013 et
337 2953 528 3013 advocatum
551 2953 649 3027 elegi:
677 2952 729 3013 cui
750 2951 847 3011 etiam

93 3035 238 3095 animam
271 3049 374 3093 meam
406 3034 647 3093 custodiendam
682 3038 715 3092 et
748 3037 848 3092 totam

134 3274 142 3300 ¹
157 3273 233 3315 Mulon
248 3286 270 3326 p.
286 3273 314 3315 93
328 3285 369 3326 pro
383 3278 472 3315 sanctos
487 3273 545 3314 luiso
561 3272 612 3324 legit
623 3272 716 3323 fratres.

133 3338 142 3363 ²
158 3335 219 3378 Haec
230 3334 368 3378 Sommaiius
383 3337 417 3377 eis
433 3336 561 3388 praemisit:
577 3333 666 3386 Aliquot
675 3334 785 3377 arationes
797 3333 849 3384 piae

92 3403 120 3433 ac
141 3390 245 3441 devotae,
265 3391 292 3432 de
308 3391 412 3443 passione
426 3390 513 3431 Domini
530 3389 600 3430 nostri
617 3387 665 3429 Iesu
681 3387 774 3436 Christi,
793 3398 850 3437 qaae

93 3445 145 3486 huic
159 3444 251 3486 editioni
268 3444 379 3486 secundae
397 3445 544 3485 accesserunt.
573 3441 627 3484 Vide
646 3453 716 3494 supra
733 3440 848 3482 sat-355.

136 3509 144 3535 ³
159 3505 209 3549 Cir.
225 3519 294 3560 supra
308 3507 356 3559 381,
371 3526 408 3554 4..0
423 3524 449 3540 =
464 3505 566 3547 811579.

454 3585 495 3627 423
