2144 4194
70 457 393 510 mmmm
437 458 468 508 [2]
508 457 830 511 AEfflfflfflw

75 601 177 651 terra:
194 599 226 650 et
242 590 314 649 eius
330 589 468 667 imperio
485 591 607 666 regitur
621 592 729 651 omnis
744 608 832 651 crea·

75 699 155 748 tura.
210 687 319 747 Huius
350 688 514 764 potentiae
543 705 641 750 nemo
676 689 832 750 resistere

74 796 197 863 potest:
227 785 300 846 eius
328 786 488 862 sapientia
516 785 735 863 disponuntur
763 787 832 847 uni·

74 901 179 946 versa.
210 883 375 960 Sapientia
396 893 429 944 et
448 883 552 944 virtus
568 885 641 944 eius
656 903 729 946 curn
746 886 832 962 ipso;

76 981 193 1058 etipse
210 981 288 1042 iecit
299 982 424 1042 omnia:
440 991 472 1042 et
483 1000 548 1042 non
561 992 610 1042 est
626 982 700 1043 linis
711 984 856 1060 magni-5

76 1079 198 1140 tudinis
214 1079 296 1140 eius.
322 1078 351 1140 O
368 1096 465 1156 quam
482 1080 634 1141 excelsus
649 1091 681 1141 et
696 1081 833 1141 immen-

75 1196 132 1238 sus
154 1187 207 1238 est
227 1177 290 1238 iste
312 1195 390 1254 prae
410 1177 538 1238 cunctis
554 1179 684 1255 regibus
700 1189 732 1238 et
747 1179 833 1255 prin·

74 1277 218 1353 cipibus:
235 1277 274 1336 de
290 1293 354 1352 quo
370 1277 528 1351 propheta
543 1275 687 1352 loquitur
701 1276 734 1336 in
750 1278 833 1353 psal·

74 1392 137 1434 mo.
161 1375 253 1435 Deus
270 1383 377 1434 autem
391 1373 459 1433 Rex
474 1383 588 1433 noster
602 1383 676 1434 ante
687 1375 833 1434 saecula:

74 1482 228 1548 operatus
262 1481 313 1532 est
346 1472 483 1532 salutem
518 1471 551 1530 in
580 1472 688 1532 medio
717 1482 870 1534 terrae.1o

75 1572 161 1632 Ecce
177 1570 276 1630 venit.
304 1569 404 1630 Venit
419 1586 485 1629 non
501 1569 534 1628 in
550 1587 628 1629 auro
645 1580 677 1630 et
691 1581 834 1647 argento,

74 1686 136 1729 nec
164 1668 300 1728 indutus
328 1684 471 1743 purpura
502 1676 534 1726 et
563 1667 680 1744 bysso;
709 1686 774 1728 non
801 1669 833 1728 in

74 1766 171 1843 equis
186 1765 373 1841 phaleratis,
393 1775 447 1826 aut
462 1765 562 1825 armis
577 1767 835 1841 splendentibus

74 1881 141 1925 non
164 1863 198 1922 in
221 1863 373 1939 clangore
394 1863 533 1923 bucinae
549 1873 580 1923 et
596 1863 754 1924 citharae:
777 1866 835 1925 sed

74 1963 109 2022 in
136 1959 321 2021 humilitate
343 1969 375 2021 et
396 1969 602 2036 paupertate,
629 1960 662 2020 in
684 1978 835 2021 mansue·
847 1983 871 2022 15

75 2059 191 2120 tudine
223 2066 255 2116 ct
286 2057 435 2133 caritate3
468 2067 503 2118 ut
533 2069 697 2120 amaretur
726 2060 835 2136 potius

5 2193 7 2198 ,
75 2173 175 2234 quam
197 2154 385 2216 timeretur:
414 2165 449 2215 ut
475 2157 651 2217 attraheret
672 2157 775 2234 magis
796 2158 836 2218 ad

76 2272 113 2315 se
135 2263 328 2330 peccatores
350 2271 446 2330 quarn
469 2253 604 2329 fugaret.

118 2353 184 2414 Sed
206 2361 340 2429 propter
355 2352 432 2429 quid
447 2353 564 2413 venit?
591 2354 690 2414 Venit
705 2365 837 2430 propter

77 2469 171 2512 suam
194 2450 328 2510 nimiam
345 2450 510 2510 caritatem
527 2461 636 2528 quate
652 2452 779 2513 dilexit:
802 2462 873 2512 utao

77 2548 256 2610 redimeret
277 2565 374 2625 quem
398 2548 559 2624 perditum
576 2549 708 2610 sciebat.
739 2551 837 2611 Venit

77 2657 212 2724 propter
232 2657 321 2707 tuam
343 2647 573 2708 necessitatem
597 2657 628 2708 et
646 2648 837 2708 defectibili·

77 2755 194 2806 tatem:
224 2761 308 2821 quae
337 2744 507 2820 multiplex
537 2755 569 2805 et
597 2762 713 2821 magna
739 2745 838 2805 nimis

78 2852 156 2902 erat.
205 2841 305 2902 Venit
336 2859 354 2900 a
384 2843 526 2918 peccatis
556 2852 589 2902 te
621 2843 775 2903 liberare:
807 2853 838 2903 et

79 2938 216 3015 pretiosi
239 2938 408 3015 sanguinis
432 2939 483 2998 sui
506 2939 669 3000 effusione
690 2957 874 3018 purgarem

78 3037 179 3098 Venit
215 3036 430 3112 ignorantiam
466 3048 554 3098 tuam
590 3039 771 3100 illustrare:
808 3049 840 3098 et

78 3135 165 3195 viam
188 3134 336 3194 veritatis
358 3136 542 3196 ostendere.
585 3137 683 3198 Venit
705 3136 839 3198 infirmi·

79 3241 178 3292 tatem
209 3241 298 3292 tuam
326 3233 497 3293 adiuvare:
527 3243 559 3294 et
579 3235 783 3295 tolerantiam
806 3235 839 3294 in

80 3329 230 3389 adversis
267 3329 395 3390 docere.
446 3331 545 3392 Venit
581 3350 599 3391 a
633 3343 838 3393 terrenorum

82 3429 226 3505 appetitu
241 3445 414 3489 revocare:
436 3440 468 3490 et
483 3431 521 3490 ad
537 3431 690 3491 caelestia
704 3430 875 3494 amandaao

84 3527 268 3588 sustollere.
304 3526 402 3587 Venit
424 3527 561 3587 virtutes
584 3527 786 3603 praedicare:
809 3539 840 3587 et

450 3631 477 3673 73
