2114 4168
513 416 678 470 Epllegomena.

219 567 240 609 u
270 550 408 624 Kempis.
464 550 687 610 Kutbolisches
721 549 979 623 Sountugsblatt.

218 631 359 705 Kempen
384 633 460 690 1893
482 630 544 689 Νο.
564 632 603 689 37
626 648 656 706 p.
682 633 737 689 146
752 647 800 706 sq.

259 727 367 804 Quem
390 729 596 788 tractatulum
612 727 691 787 mihi
715 743 845 803 quoque
868 726 903 785 in
922 727 979 785 La-

219 809 322 869 tinum
352 808 554 868 convertenti
577 825 617 867 eo
640 807 792 882 consilio,
820 815 856 866 ut
879 807 979 866 etiam

219 889 317 949 rudes
339 889 468 965 linguae
483 887 677 948 Theotiscae
692 904 808 964 capere
830 899 981 963 possent,

218 986 283 1029 non
294 971 357 1029 hoc
369 969 580 1045 spectandum
597 977 675 1043 erat,
691 980 836 1044 utquam
854 967 979 1044 optime
1044 1005 1045 1008 =

220 1049 332 1109 Latine
348 1050 538 1124 scriberem,
559 1050 618 1110 sed
633 1059 668 1110 ut
683 1059 715 1108 et
730 1048 914 1109 sententias
929 1067 980 1109 ac-

219 1139 329 1190 curate
361 1130 531 1191 redderem
562 1141 596 1190 et
625 1129 788 1190 sermonis
818 1127 977 1189 Thomaei

219 1212 362 1270 colorem
392 1228 488 1287 quam
519 1227 651 1286 possem
684 1209 877 1270 fidelissime
907 1209 978 1270 imi·

219 1292 315 1352 tando
344 1291 571 1367 exprimerem.
614 1290 707 1367 Quas
731 1290 863 1367 quidem
886 1291 978 1368 leges

219 1381 283 1432 tam
307 1372 459 1448 religiose
481 1372 622 1446 servavi,
645 1381 744 1432 utne
768 1371 977 1431 soloecismis
1044 1407 1045 1422 l

220 1452 351 1529 quidem
367 1452 591 1527 abstinuerim,
614 1452 714 1511 veluti
736 1455 900 1527 ³26,21.a
922 1453 977 1526 qui

220 1534 529 1608 irreprebensusesse
537 1533 758 1609 vultprozqui
768 1533 977 1607 irreprehensi

218 1629 286 1672 esse
305 1614 428 1673 volunt.

260 1719 325 1778 lam
355 1729 390 1778 ut
412 1736 572 1778 summum
598 1736 729 1794 eorum,
757 1735 840 1794 quae
870 1719 975 1778 adhuc

219 1799 391 1875 disputavi,
412 1800 525 1876 paucis
547 1800 758 1876 complectar,
779 1798 812 1857 in
835 1799 899 1858 hoc
922 1815 975 1858 vo·

218 1880 342 1940 lumine
357 1881 523 1941 tractando
539 1881 671 1940 easdem
688 1879 831 1940 rationes
841 1888 976 1939 secutus
1044 1925 1045 1948 ,

218 1978 302 2036 sum,
324 1977 405 2036 quas
420 1961 454 2020 in
470 1960 637 2020 volumine
652 1961 754 2020 altero
768 1976 799 2035 p.
814 1961 975 2019 479-482

218 2041 364 2117 exposui.
388 2041 480 2118 Quas
491 2042 678 2101 utbreviter
689 2049 843 2117 repetam,
854 2039 973 2099 retinui

218 2121 341 2181 codicis
362 2121 416 2180 ΑΖ
438 2121 712 2198 orthographiam,
734 2120 911 2180 dummodo
932 2137 974 2179 ne

217 2219 353 2277 prorsus
374 2203 509 2262 barbara
530 2201 638 2261 medio
654 2201 785 2261 demum
808 2217 889 2260 aevo
905 2210 975 2260 orta

218 2291 317 2357 esset,
338 2282 371 2341 in
394 2299 458 2358 qua
472 2300 507 2342 re
523 2282 628 2359 ipsius
648 2281 848 2358 antiquitatis
864 2281 976 2341 incon-

218 2363 368 2422 stantiam
399 2380 463 2422 non
493 2362 683 2438 perhorrui3
713 2361 831 2422 retinui
862 2362 977 2422 distin-

216 2443 336 2519 guendi
360 2452 470 2518 notas,
499 2443 562 2502 nisi
593 2443 679 2520 quod
707 2460 766 2518 pro
791 2442 875 2502 llexa
895 2443 936 2518 (t)
959 2461 977 2502 a
1044 2449 1045 2452 ’

217 2533 328 2583 nostro
345 2540 406 2583 usu
422 2523 528 2583 aliena
543 2533 730 2584 constanter
745 2523 860 2599 scripsi
877 2524 978 2583 semi·
1044 2583 1045 2588 ,

217 2605 312 2663 colon
322 2604 366 2679 (;),
379 2621 437 2679 pro
448 2612 568 2680 puncto
580 2614 654 2664 ante
665 2604 822 2663 minutum
834 2604 975 2664 litteram
1044 2605 1045 2680 g

216 2684 374 2760 virgulam
394 2683 442 2760 (,),
473 2684 505 2743 in
535 2683 600 2744 line
629 2684 870 2744 enuntiatorum
900 2696 976 2745 ante
1044 2681 1045 2690 ’

215 2765 382 2840 grandem,
404 2764 500 2824 etiam
523 2765 577 2823 ubi
600 2764 634 2824 in
656 2764 710 2823 A2
732 2765 834 2839 deest,
858 2782 976 2841 aequa-

216 2844 350 2905 bilitatis
380 2862 477 2904 causa
507 2854 674 2921 punctum.
725 2845 760 2903 ln
789 2843 843 2902 ΑΖ
872 2845 975 2905 minio

217 2925 338 3002 scripta
360 2925 514 3001 itemque,
536 2924 612 2984 licet
634 2924 667 2983 in
685 2924 739 2984 ΑΖ
761 2934 891 3000 praeter
912 2926 976 2999 pri-
1044 2959 1045 2998 r

218 3023 287 3065 mas
310 3005 551 3065 enuntiatorum
573 3005 696 3066 litteras
712 3004 822 3064 omnia
836 3007 976 3065 vocabu·
1044 3011 1045 3024 ¹

216 3088 322 3146 lorum
345 3085 504 3162 principia
526 3085 660 3145 minutis
676 3095 805 3146 exarata
822 3086 897 3161 sint,
918 3103 975 3146 no·

216 3166 305 3226 mina
340 3166 470 3242 propria
505 3166 776 3243 reverentiaeque
807 3184 905 3227 causa
935 3169 974 3227 ad
1044 3233 1045 3236 Ἴ

136 3261 138 3266 ·
217 3263 340 3306 numen
363 3246 508 3306 divinum
532 3247 743 3323 pertinentia,
770 3247 877 3324 qualia
898 3258 975 3308 sunt

217 3327 312 3397 Deus,
332 3326 478 3397 Trinitas,
500 3328 603 3397 Pater,
623 3328 791 3398 Dominus
813 3326 972 3400 Salvator,

218 3405 357 3483 Spiritus
386 3412 518 3468 sanctus
547 3407 616 3467 rell.
647 3408 824 3484 grandibus
854 3408 972 3468 littera-

219 3504 291 3545 rum
305 3486 419 3545 lormis
430 3487 644 3547 describenda
659 3489 781 3564 curavi,
795 3498 972 3550 atramento

576 3591 617 3634 teo
