2118 4186
197 403 237 454 Εἷς
256 402 428 455 [SERMONES
441 403 479 446 DE
489 403 557 446 VITA
568 403 603 446 ET
614 403 762 446 Pnsslorie
775 403 900 458 DOMINI]
918 405 963 457 ,ω

239 533 303 594 Sed
325 537 430 596 adhuc
453 537 699 613 inquirendum:
722 538 841 615 quibus
863 555 962 598 exer-

198 631 283 693 citiis
312 635 448 708 apostoli
478 636 580 696 sancti
610 637 650 696 ad
678 646 796 696 tantam
819 636 959 713 gratiam

197 742 427 805 pervenerunt.
471 734 544 793 Non
574 734 662 794 enim
691 734 797 794 subita
819 751 962 794 conver·

197 828 301 904 sione,
323 847 384 890 nec
406 847 471 890 una
492 833 715 892 tantummodo
737 832 806 908 die,
827 833 866 892 ad
888 842 960 892 tam

173 944 344 1003 smagnam
374 928 609 1004 perfectionem
632 930 865 990 ascenderunt:
894 930 961 989 sed

196 1025 349 1099 paulatim
390 1043 449 1102 per
488 1027 689 1088 incrementa
726 1027 880 1088 virtutum
923 1028 957 1087 in

196 1123 309 1182 schola
341 1123 466 1185 Christi
498 1134 662 1201 tamquam
693 1127 769 1186 boni
801 1127 954 1203 discipuli

196 1220 316 1280 abono
339 1221 493 1298 magistro
515 1221 688 1299 diligenter
709 1223 857 1285 instructi
879 1242 955 1300 pro-

197 1317 354 1378 iecerunt.
397 1319 436 1379 Et
464 1320 568 1396 primo
597 1320 729 1396 quidem
756 1323 865 1383 omnia
892 1341 954 1384 sua

162 1435 186 1475 ιο
196 1426 311 1490 sponte
328 1427 460 1492 propter
476 1418 646 1480 Christum
663 1419 884 1497 reliquerunt3
898 1439 956 1496 pa·

196 1513 343 1574 rentibus
358 1525 390 1574 et
405 1516 561 1592 cognatis,
572 1516 710 1592 aliisque
721 1517 895 1577 mundanis
907 1519 954 1578 ai-

195 1611 392 1672 fectionibus
408 1615 691 1674 renuntiaverunt:
706 1614 806 1690 parati
820 1631 893 1675 cum
912 1633 953 1677 eo

196 1710 323 1770 iabores
338 1721 370 1771 et
385 1712 539 1786 penurias
554 1723 651 1788 atque
666 1712 836 1772 hominum
853 1715 954 1774 male-

195 1807 355 1868 dictiones
371 1810 545 1870 sustinere.
568 1811 662 1871 Vnde
677 1820 751 1869 ante
762 1809 953 1886 passionem

161 1925 185 1966 15
195 1923 286 1966 suam
310 1906 358 1965 eis
380 1905 469 1966 dixit.
501 1907 569 1967 Vos
591 1907 671 1966 estis
693 1906 747 1984 qui
771 1910 953 1983 permansi·

194 2005 254 2064 stis
269 2021 398 2064 mecum
414 2004 448 2065 in
463 2004 729 2080 temptationibus
744 2005 838 2066 meis.
866 2006 953 2067 Ecce

193 2103 278 2162 bona
308 2102 399 2163 initia
430 2103 670 2178 apostolorum3
703 2103 779 2178 quia
809 2104 953 2163 terrenis

193 2200 303 2260 nudati
327 2212 359 2262 et
380 2200 630 2261 adversitatibus
650 2200 790 2276 probati:
814 2200 952 2262 Christo

194 2310 443 2373 perseveranter
464 2297 691 2358 adhaeserunt.
721 2297 760 2357 Et
780 2297 857 2358 licet
871 2309 952 2358 tem-

157 2411 272 2471 aopore
294 2396 457 2471 passionis
479 2406 568 2456 metu
590 2396 705 2456 mortis
719 2396 758 2454 ab
774 2411 813 2455 eo
829 2396 952 2472 aliqua·

193 2505 289 2554 tenus
312 2505 531 2568 recesserunt,
553 2493 592 2553 de
608 2494 670 2553 hoc
686 2504 794 2554 tamen
811 2495 951 2555 multum

192 2593 384 2652 doluerunt:
420 2601 452 2651 et
487 2609 579 2651 suam
613 2590 834 2652 infirmitatem
866 2593 951 2667 ple·

192 2690 287 2750 nius
319 2699 644 2766 cognoscentes,
676 2707 763 2748 cum
793 2689 950 2749 maiore

193 2789 245 2847 hu
256 2787 308 2847 mi
322 2787 471 2863 litate,
497 2798 529 2848 et
556 2786 745 2848 ferventiori
768 2786 888 2847 affectu
912 2789 951 2847 ad

156 2885 363 2947 aschristum
396 2885 572 2946 redierunt.
623 2886 705 2945 Nam
738 2894 810 2961 post
842 2901 950 2944 resur·

192 2983 371 3043 rectionem
395 2983 520 3043 eiusab
536 3000 575 3042 eo
591 2982 709 3042 iterum
726 2982 846 3043 visitati
863 2993 950 3057 sunt,

192 3092 224 3141 et
246 3082 355 3142 verbis
377 3099 413 3141 ac
436 3080 606 3155 scripturis
622 3081 779 3141 roborati:
802 3091 837 3140 ut
852 3079 900 3140 sic
916 3079 949 3138 in

193 3177 255 3238 fide
282 3188 314 3238 et
340 3179 498 3254 spirituali
526 3179 592 3239 vita
617 3178 714 3238 altius
742 3177 949 3253 proficerent.

193 3277 333 3336 Demum
362 3276 497 3337 Christo
525 3276 724 3337 ascendente
752 3276 784 3336 in
812 3276 950 3350 caelum,

156 3373 253 3448 soipsi
277 3383 375 3434 totam
398 3390 489 3448 spem
513 3391 604 3433 suam
621 3374 660 3434 ad
676 3373 830 3434 caelestia
848 3384 951 3433 trans·

192 3472 351 3528 tulerunt:
380 3486 441 3528 nec
464 3479 540 3530 tunc
562 3470 724 3530 tristitiam
750 3471 790 3530 de
813 3486 948 3530 recessu

549 3573 589 3614 soa
