2144 4194
205 463 245 514 Εἷς
263 461 435 514 [SERMONES
447 463 486 504 DE
496 461 563 504 vita
575 461 609 504 ET
620 461 768 504 PASSIONE
780 461 906 514 DOMINI]
922 462 966 514 KQ)

207 596 325 656 ceteris
347 596 550 656 admirationi
573 595 639 655 sint
660 605 692 656 et
712 595 838 656 timori:
867 613 966 673 prop-

206 703 256 754 ter
285 694 392 754 zelum
425 694 564 755 fervoris
595 704 626 754 et
656 693 857 755 allluentiam
888 694 966 754 doc-

206 791 309 852 trinae
332 792 483 853 caelestis
498 809 594 869 quam
614 792 807 868 producunt.
839 792 904 853 Sed
919 809 965 852 ne

206 887 343 949 nimium
365 889 587 965 importabiles
616 889 788 951 videantur
811 889 965 965 infirmis,

183 987 418 1062 sprudenter
439 989 600 1065 gratiam
616 1005 808 1064 supernae
830 988 965 1048 visita-

206 1085 327 1146 tionis
343 1095 567 1163 contegunt3
583 1086 689 1147 solum
705 1102 788 1162 quae
803 1086 965 1163 prodesse

207 1193 345 1260 possunt
360 1194 391 1244 et
411 1185 530 1245 melius
545 1184 778 1260 comprehendi
794 1185 966 1246 humiliter

206 1282 337 1343 dicunt:
358 1299 441 1359 quae
457 1291 565 1343 autem
588 1283 727 1342 obscura
748 1293 825 1343 sunt
847 1292 880 1343 et
900 1284 966 1343 alta

207 1380 317 1440 clauso
333 1390 465 1457 pectore
480 1389 627 1456 servant;
648 1380 722 1439 soli
739 1381 818 1440 Deo
836 1390 872 1440 et
887 1381 963 1441 sibi

173 1479 307 1537 rohaec
330 1478 498 1554 cognita
520 1495 608 1538 esse
631 1478 903 1554 cupiunttcui
927 1491 965 1539 et

206 1575 966 1652 gratiasmaximasexintimorelerunt.

248 1671 327 1732 Osi
351 1688 467 1748 posses
496 1682 528 1733 et
555 1681 588 1731 tu
611 1689 686 1732 cum
708 1683 820 1733 sancto
845 1674 965 1751 Moyse

207 1769 239 1828 in
263 1778 405 1829 montem
429 1769 584 1830 virtutum
606 1770 799 1846 ascendere,
821 1781 854 1832 et
875 1789 966 1832 nunc

208 1867 241 1926 in
263 1868 325 1927 hoc
347 1877 459 1927 sancto
481 1876 627 1943 tempore
649 1867 885 1943 aliquantulum
905 1869 966 1928 ibi·

175 1965 282 2025 tsdem
314 1981 388 2025 cum
420 1965 561 2025 Domino
592 1982 715 2024 moram
746 1967 893 2026 trahere:
924 1968 965 2026 ad

208 2062 401 2122 audiendam
423 2079 537 2122 vocem
562 2063 622 2122 Dei
648 2063 812 2139 loquentis
834 2064 875 2123 de
897 2082 967 2124 me-

207 2160 260 2220 dio
291 2160 388 2220 nubis
419 2169 451 2220 et
482 2159 647 2236 caliginis3
679 2160 815 2221 forsitan
845 2171 877 2222 et
904 2162 965 2222 tibi

207 2257 382 2317 donaretur
408 2256 516 2333 aliqua
545 2256 698 2332 specialis
723 2258 854 2320 divinae
875 2261 966 2337 agni·

205 2354 304 2414 tionis
334 2354 435 2430 gratia
466 2364 497 2415 et
528 2354 701 2415 illustratio
732 2357 868 2418 mentis:
900 2375 966 2435 qua

169 2468 196 2510 20
205 2451 384 2512 inebriatus
400 2461 431 2512 et
447 2452 601 2528 impletus
612 2463 728 2514 cuncta
741 2464 872 2515 terrena
886 2473 965 2534 neg-

205 2551 346 2626 legeres,
379 2559 415 2610 et
445 2550 788 2625 supercaelestia
815 2561 963 2614 tantum

204 2664 261 2706 am
271 2663 379 2722 ares3
395 2647 438 2708 ita
453 2658 489 2708 ut
498 2647 539 2707 de
554 2665 613 2708 esu
626 2650 786 2725 corporali
797 2651 963 2712 modicum

204 2761 372 2821 pensareS,
387 2746 445 2805 sed
457 2746 565 2822 potius
576 2747 875 2821 experimentaliter
886 2747 919 2807 in
931 2759 964 2809 te

203 2851 363 2919 gustareS,
378 2860 474 2919 quam
490 2859 590 2902 verus
605 2843 647 2903 sit
662 2843 717 2902 ille
728 2861 837 2904 sermo
849 2845 962 2922 Moysi

168 2959 196 3002 25
204 2941 358 3001 dicentis:
373 2941 449 3017 quia
459 2958 525 3000 non
537 2940 570 3000 in
582 2941 652 3000 solo
664 2957 747 3016 pane
757 2941 838 3001 vivit
852 2942 964 3018 homo,

204 3039 262 3098 sed
274 3038 879 3114 inomniverboquodproceditdeore
890 3040 963 3101 Dei.

245 3135 310 3196 Sed
330 3136 407 3212 quid
430 3146 479 3196 est
502 3136 587 3212 quod
610 3135 701 3195 solus
717 3136 854 3212 Moyses
871 3137 963 3198 iube·

204 3244 256 3294 tur
277 3235 465 3309 ascendere,
488 3242 520 3293 et
535 3233 628 3309 pauci
646 3249 719 3292 cum
736 3250 775 3293 eo
791 3233 962 3295 seniorum

206 3332 332 3392 lsrael?
375 3332 538 3392 Nimirum
562 3332 707 3408 paucitas
728 3330 963 3408 perlectorum,

168 3441 236 3490 suet
260 3429 393 3489 altitudo
422 3429 508 3489 vitae
536 3429 806 3505 contemplativae
834 3428 868 3488 in
898 3431 962 3491 hoc

205 3525 411 3601 exprimitur:
440 3524 593 3600 quoniam
622 3525 761 3586 maxima
787 3525 962 3588 multitudo

565 3629 603 3671 rso
