2128 4190
79 443 402 498 mmmm
439 443 483 494 [2⁵]
516 433 838 495 &mmm

80 579 215 639 caritate
242 578 408 652 trahente,
437 575 582 636 cruentis
608 575 758 634 manibus
785 591 838 634 ex-

80 676 191 736 orasti.

120 773 150 835 O
175 790 271 851 quam
293 781 383 849 grata
411 781 443 832 et
464 769 672 848 acceptabilis
695 769 755 830 luit
776 769 838 829 ista

79 871 200 932 oblatio
214 888 273 947 pro
289 869 401 945 nobis3
421 869 549 946 quando
565 879 599 928 tu
614 866 837 928 amantissime

80 969 155 1028 lesu
173 968 270 1028 unice
293 967 337 1028 lili
355 968 427 1044 Dei,
446 977 548 1028 temet
569 967 676 1043 ipsum
692 965 860 1026 obtulistis

78 1067 111 1127 in
127 1066 326 1127 sacrificium
343 1065 579 1142 sempiternum
594 1066 633 1125 ad
648 1064 837 1141 placandam

79 1164 198 1225 faciem
229 1164 290 1224 Dei
324 1164 429 1224 Patris
459 1163 709 1240 omnipotentis,
740 1178 836 1239 quem

78 1280 196 1323 omnes
225 1261 424 1322 offendimus
453 1261 486 1321 in
516 1260 644 1337 multis3
672 1277 691 1319 a
719 1259 838 1336 quibus

78 1376 144 1420 non
175 1359 361 1420 sufficimus
390 1376 449 1435 per
476 1376 537 1419 nos
558 1357 745 1433 iustificari,
773 1356 837 1416 nisi

79 1457 321 1519 interveniente
349 1466 403 1517 tua
429 1456 649 1517 sacratissima
675 1455 838 1531 passione,
850 1467 874 1509 m

79 1566 110 1616 et
133 1555 304 1631 temporali
327 1566 432 1615 morte
454 1555 487 1615 in
509 1555 624 1614 arbore
647 1553 770 1613 crucis:
797 1552 837 1612 de

80 1670 144 1728 qua
178 1655 298 1730 prodiit
333 1653 545 1713 sanctificatio
586 1660 618 1711 et
657 1649 837 1725 redemptio

79 1761 192 1812 nostra
223 1751 255 1811 in
287 1751 502 1828 acquisitione
533 1759 685 1810 aeternae
714 1747 838 1808 salutis.

80 1846 223 1908 Attende
251 1848 304 1909 hic
332 1848 522 1925 gravitatem
551 1856 758 1924 peccatorum
782 1860 837 1903 no·

81 1955 223 2006 strorum
240 1956 272 2006 et
287 1946 495 2006 acerbitatem
510 1946 684 2005 vulnerum
697 1941 874 2016 Christi31s

81 2043 235 2105 affectum
252 2044 394 2104 caritatis
409 2045 481 2105 eius
501 2041 837 2120 supplicationemque

80 2159 138 2215 pro
155 2141 311 2202 inimicis:
327 2141 558 2218 benignitatem
575 2155 706 2217 quoque
721 2137 754 2197 in
770 2153 837 2196 om-

81 2238 178 2299 nibus
209 2239 481 2299 contrariantibus
516 2236 588 2297 sibi.
637 2233 837 2312 Saepissime

82 2333 238 2396 Christus
266 2335 386 2412 oravit,
414 2345 446 2395 et
467 2334 646 2411 discipulos
668 2347 761 2392 orare
783 2331 837 2390 do·

82 2434 163 2495 cuit:
187 2434 358 2511 aliquando
382 2433 475 2493 llexis
493 2432 642 2509 genibus,
664 2430 873 2507 aliquandoao

81 2531 217 2592 elevatis
238 2532 271 2592 in
294 2532 420 2591 caelum
443 2530 564 2606 oculis;
592 2530 650 2589 sed
675 2544 836 2605 nusquam

82 2628 124 2688 ita
155 2628 307 2689 flebiliter
339 2638 371 2688 et
401 2627 615 2687 amicabiliter
644 2642 757 2686 orasse
788 2642 845 2685 re··

81 2727 205 2801 peritur
240 2727 325 2786 sicut
360 2726 456 2785 modo
487 2724 633 2785 auditur:
669 2741 742 2784 cum
779 2740 837 2798 pro

82 2823 224 2884 inimicis
246 2824 315 2884 suis
337 2823 490 2899 expansis
512 2822 663 2883 manibus
691 2831 723 2881 et
749 2821 836 2898 pedi-

81 2921 141 2982 bus
163 2921 317 2997 confixis,
345 2938 382 2981 ac
407 2919 563 2981 membris
592 2919 744 2980 omnibus
773 2918 872 2978 dis-25

82 3021 184 3080 tensis
207 3030 238 3080 et
252 3019 442 3095 vulneratis,
464 3018 498 3078 in
520 3035 575 3077 ara
596 3016 704 3077 crucis
723 3017 836 3077 oravit.

82 3113 170 3177 Tunc
189 3117 275 3177 enim
300 3117 382 3177 fudit
403 3132 534 3192 precem
557 3114 780 3174 dulcissimam
803 3113 836 3174 in

83 3215 213 3275 auribus
235 3215 389 3291 paternis,
411 3223 446 3273 ut
462 3213 647 3290 ignosceret
661 3212 694 3272 in
711 3228 747 3271 se
763 3229 836 3287 pec·

82 3312 237 3373 cantibus.
281 3312 381 3389 Igitur
411 3312 451 3371 ad
480 3311 750 3387 compescendam
780 3311 836 3369 ho·

83 3409 204 3469 minum
233 3408 388 3469 malitiam
416 3408 470 3485 qui
500 3409 540 3468 ad
561 3408 767 3468 irascendum
791 3406 872 3466 iaso

83 3505 160 3567 ciles
191 3515 285 3582 sunt,
317 3517 348 3568 et
379 3507 460 3584 pigri
492 3508 531 3567 ad
562 3505 833 3567 benefaciendum

436 3612 477 3654 245
