2144 4194
247 445 287 496 na
304 442 477 495 [sermones
489 444 528 486 oe
538 443 605 486 vnn
616 443 651 487 er
662 443 812 488 msmone
824 444 947 497 nomm]
962 444 998 496 ω

249 577 346 637 linem
382 577 470 638 vitiis
506 578 684 654 imponere.
735 578 835 639 Venit
869 579 997 655 gratiam

248 675 438 735 infundere:
467 685 499 736 et
527 676 717 736 caelestium
743 676 997 736 consolationum

248 773 420 835 dulcedine
442 773 627 834 laetificare.
667 773 791 834 Venit
812 773 998 834 omnibus

247 871 368 930 bonis
396 881 435 932 te
463 872 647 947 replere:
676 881 715 931 et
743 872 789 930 ab
811 871 1000 931 omnibus

224 969 368 1029 smalis
390 969 569 1045 eripere.
600 969 698 1030 Venit
720 978 885 1029 aeternam
904 968 1001 1028 beati·

247 1066 392 1127 tudinem
415 1065 471 1127 tibi
495 1067 635 1128 donare:
657 1077 689 1127 et
711 1084 768 1142 pro
790 1076 822 1127 te
844 1077 1000 1143 tempora-

246 1164 311 1224 lem
343 1165 509 1225 miseriam
541 1165 715 1226 sustinere.
765 1165 865 1226 Venit
895 1165 1002 1226 omnia

247 1278 306 1320 sua
330 1261 386 1321 tibi
410 1263 578 1324 conferre:
609 1273 641 1323 et
669 1279 769 1339 super
790 1263 901 1323 omnia
921 1265 1003 1324 dona

246 1375 283 1418 se
311 1359 419 1434 ipsum
450 1360 507 1421 tibi
538 1362 572 1420 in
603 1371 796 1437 perpetuum
829 1361 1000 1421 fruendum

212 1458 413 1532 repraebere.
456 1460 499 1520 Vt
521 1459 609 1519 enim
637 1469 672 1519 tu
700 1458 909 1519 aeternaliter
929 1476 1003 1536 gau·

247 1554 363 1614 deres:
398 1555 488 1615 venit
519 1556 590 1631 ipse
621 1556 764 1615 laborem
796 1565 828 1616 et
858 1556 1002 1617 dolorem

247 1653 425 1729 suscipere.
472 1655 515 1714 Vt
543 1664 577 1714 tu
607 1653 803 1714 ditesceres:
832 1655 923 1716 venit
952 1656 1003 1715 de-

247 1752 427 1826 pauperari.
458 1753 501 1812 Vt
516 1761 550 1812 tu
566 1769 734 1829 regnares:
757 1752 847 1813 venit
861 1753 1003 1813 exulare.
1061 1831 1062 1840 ἵ

246 1848 345 1909 Venit
372 1850 412 1909 ad
441 1860 603 1911 errantem
632 1850 701 1926 via,
729 1850 769 1910 ad
799 1850 1002 1927 ignorantem
1061 1853 1062 1906 l

212 1948 386 2024 rsveritaS,
416 1950 455 2008 ad
487 1961 650 2009 mortuum
682 1950 766 2010 vita:
797 1949 836 2009 ad
868 1965 1001 2010 caecum
1061 1989 1062 1992 κ

247 2046 367 2122 lumen,
390 2047 428 2106 ad
451 2046 616 2108 infirmum
637 2047 801 2122 medicus3
823 2046 863 2106 ad
878 2046 1002 2106 desola-

246 2154 314 2204 tum
337 2146 531 2221 consolator,
557 2146 596 2205 ad
619 2145 805 2206 damnatum
832 2144 1004 2205 liberator:

246 2241 285 2301 ad
312 2242 482 2302 seductum
508 2243 706 2319 consiliator,
734 2244 773 2304 ad
795 2244 1002 2319 desperatum

246 2342 395 2401 salvator.
448 2341 532 2402 Ecce
562 2352 696 2418 propter
726 2341 803 2419 quid
833 2341 942 2402 venit:
973 2350 1004 2401 et

209 2447 401 2515 coquantum
431 2438 487 2498 tibi
517 2456 577 2499 suo
604 2440 736 2500 salutari
763 2440 905 2500 adventu
929 2456 1002 2500 con·
1060 2427 1061 2501 i

245 2536 326 2596 tulit.
359 2536 433 2597 Non
456 2537 545 2598 misit
563 2538 725 2614 angelum,
747 2554 813 2597 non
827 2539 1002 2613 archange-

245 2634 323 2709 lum,
337 2650 403 2692 non
419 2633 635 2709 patriarcham
646 2652 711 2695 non
723 2635 930 2711 prophetam3
945 2634 1002 2694 sed

244 2731 334 2791 venit
363 2731 434 2807 ipse
457 2732 526 2792 Rex
551 2733 757 2809 angelorum,
784 2741 818 2792 et
840 2732 1001 2792 Dominus

245 2830 475 2904 prophetarum
498 2829 537 2888 ad
560 2829 762 2890 liberandum
777 2839 826 2890 te:
848 2829 1000 2906 quoniam

208 2927 315 3002 asipse
331 2936 381 2987 est
397 2925 559 2986 Dominus
576 2927 667 2986 Deus
684 2937 760 2987 tuus
783 2926 838 3003 qui
862 2926 939 2987 lecit
960 2936 999 2986 te.

245 3022 413 3100 Siquidem
436 3041 552 3084 omnes
574 3041 669 3100 reges
691 3034 723 3084 et
744 3025 924 3100 prophetae
946 3024 999 3101 qui

244 3131 318 3181 ante
340 3138 416 3182 eum
439 3122 581 3196 fuerunt,
605 3138 670 3180 non
693 3130 868 3196 potuerunt
890 3138 1000 3198 quem·

244 3235 340 3295 quam
370 3218 410 3277 de
439 3235 536 3279 manu
566 3218 680 3279 mortis
709 3218 864 3295 liberare,
893 3237 999 3296 neque

139 3315 142 3321 “
244 3318 282 3377 ad
312 3326 476 3377 aeternam
499 3317 597 3376 vitam
625 3316 821 3392 perducere;
850 3317 909 3377 sed
939 3317 998 3378 iste
1058 3339 1059 3346 ¹

208 3432 235 3473 3ο
246 3415 314 3474 Rex
334 3413 582 3489 potentissimus
604 3423 635 3474 et
650 3413 842 3489 magnificus
858 3431 918 3490 per
932 3431 998 3474 sae·

244 3512 335 3586 cula,
371 3510 411 3570 de
442 3527 539 3570 manu
571 3510 685 3570 mortis
715 3511 871 3586 populum
903 3529 996 3573 suum

608 3614 633 3655 74
