2122 4196
45 468 88 518 ΘΧΞ
128 467 304 511 ΜΕὓΙΤΑΤΙΟ
321 470 359 510 DE
376 469 606 513 INCARNATIONE
622 472 746 514 CHRISTI
779 474 819 526 K&

89 600 152 661 nit
165 602 412 663 eruditissimus
428 605 597 665 doctorum
609 606 817 681 Augustinus.
837 632 916 664 mov.

48 699 262 776 Redemptor
284 711 316 761 et
338 703 487 762 conditor
508 712 621 763 noster
645 703 732 762 iilius
755 703 817 763 Dei
828 685 922 719 srmvs.

46 808 128 858 ante
153 800 289 858 saecula
306 798 462 875 existens,
484 800 571 861 iilius
594 801 737 862 hominis
754 800 817 860 iac·

46 906 103 956 tus
129 895 184 957 est
214 897 247 957 in
278 897 342 957 line
364 899 589 973 saeculorum3
618 898 730 974 utqui
760 915 819 974 per

47 995 238 1055 divinitatis
268 1011 346 1054 suae
374 995 552 1070 potentiam
583 1005 750 1055 creaverat
778 997 841 1055 ads

48 1092 291 1166 perfruendam
302 1093 387 1153 vitae
398 1092 633 1153 beatitudinem
645 1093 817 1169 perennis:

47 1191 125 1266 ipse
148 1207 212 1267 per
234 1189 439 1265 fragilitatem
457 1191 669 1251 humanitatis
685 1201 817 1251 nostrae

46 1307 113 1348 nos
145 1297 347 1348 restauraret
376 1287 415 1347 ad
444 1289 688 1365 percipiendam
720 1305 816 1365 quam

48 1386 262 1463 perdidimus
284 1385 393 1444 vitam.
431 1385 494 1444 Hic
517 1397 567 1446 est
588 1383 739 1446 sublimis
761 1387 817 1447 ille

49 1484 296 1559 contemplator
311 1481 530 1558 Augustinus3
553 1483 647 1543 cuius
666 1500 722 1545 cor
737 1485 816 1544 cari·
828 1499 853 1538 ro

48 1593 101 1642 tas
119 1581 251 1644 Christi
267 1580 311 1639 ita
326 1580 565 1655 vulneraverat,
581 1591 615 1640 ut
631 1581 702 1641 eius
717 1583 818 1642 verba

49 1681 148 1756 quasi
158 1679 293 1755 sagittas
302 1686 413 1736 acutas
422 1676 455 1735 in
464 1677 648 1737 visceribus
661 1689 816 1754 gestaret:

49 1778 108 1854 qui
134 1777 169 1837 in
193 1774 380 1852 primordiis
399 1774 628 1834 conversionis
650 1793 729 1836 suae
751 1794 816 1837 non

50 1875 236 1936 satiabatur
256 1872 429 1933 dulcedine
447 1871 586 1931 mirabili
608 1873 816 1934 considerare

50 1971 261 2033 altitudinem
291 1970 419 2030 consilii
445 1970 561 2046 divini,
590 1988 690 2048 super
712 1973 816 2033 salute
829 1989 853 2029 15

50 2071 189 2148 generis
218 2068 361 2129 humani.
406 2069 501 2128 Vnde
530 2080 562 2129 et
584 2068 747 2130 desiderio
771 2070 816 2128 di-

50 2169 151 2229 vinae
182 2166 377 2244 cognitionis
406 2182 584 2242 accensus,
614 2184 687 2227 cum
718 2185 817 2244 supra

51 2284 87 2326 se
112 2264 415 2326 incommutabilem
431 2264 602 2325 veritatem
619 2264 815 2340 inquireret:

51 2366 138 2424 hanc
172 2363 205 2422 in
236 2380 350 2423 vocem
384 2363 585 2422 iubilationis
617 2363 733 2439 erupit.
785 2362 814 2424 Ο

52 2472 189 2522 aeterna
219 2461 357 2535 veritas,
387 2470 418 2520 et
441 2477 520 2520 vera
548 2460 665 2520 caritas
688 2470 720 2520 et
742 2475 851 2519 carano

51 2558 248 2634 aeternitas3
273 2570 306 2619 tu
323 2575 359 2618 es
378 2559 469 2618 Deus
485 2575 592 2618 meus:
612 2558 668 2618 tibi
684 2558 815 2634 suspiro

52 2658 105 2718 die
128 2675 167 2716 ac
189 2665 295 2716 nocte.

93 2754 185 2815 Dicit
214 2753 497 2831 praeclarissimus
526 2771 607 2830 papa
637 2753 814 2828 Gregorius.
847 2778 905 2810 onr-

52 2852 154 2913 Venit
186 2851 272 2911 inter
307 2851 459 2911 homines
495 2852 654 2912 mediator
686 2852 746 2912 Dei
783 2831 925 2912 etoomvs.

52 2951 226 3012 hominum
249 2951 347 3009 homo
367 2949 523 3010 Christus
547 2950 640 3010 lesus
662 2951 701 3009 ad
723 2966 851 3026 prae-25

52 3050 199 3110 bendum
222 3047 408 3122 exemplum
425 3047 511 3107 vitae
526 3047 716 3107 hominibus
738 3047 814 3107 sim·

51 3148 145 3223 plex:
169 3145 210 3205 ad
225 3162 291 3205 non
306 3144 506 3219 parcendum
522 3144 673 3220 malignis
695 3143 815 3219 spiriti-

53 3247 113 3305 bus
145 3253 274 3318 rectus3
304 3242 343 3302 ad
372 3243 596 3302 debellandam
626 3242 814 3318 superbiam

52 3342 174 3402 timens
198 3341 324 3400 Deum:
354 3338 394 3398 ad
423 3340 653 3415 detergendam
678 3339 812 3399 veroin

53 3439 167 3500 electis
191 3437 262 3498 suis
278 3437 363 3497 vitae
382 3437 632 3513 immunditiam,
654 3438 850 3497 recedensso
895 3477 897 3482 -

55 3538 182 3598 amalo.
217 3536 313 3596 idem.
343 3533 372 3596 O
389 3546 508 3612 quanta
524 3545 573 3595 est
589 3534 813 3595 misericordia

421 3644 448 3683 45
