2118 4186
58 594 163 670 igitur
184 603 297 653 noster
313 594 405 652 Deus
426 603 500 652 ante
523 594 654 653 saecula
675 603 707 653 et
724 595 821 653 homo

57 703 161 753 natus
183 693 216 752 irr
239 692 304 752 line
326 693 533 752 saeculorum
555 692 652 752 talem
669 708 705 750 se
721 691 823 751 voluit

58 791 255 851 hominibus
282 790 437 851 exhibere
460 791 492 850 in
516 791 603 851 omni
627 790 727 850 verbo
750 799 822 848 actu

59 901 95 949 et
117 899 212 965 gestu
236 907 296 950 suo
318 907 337 948 a
351 889 518 950 nativitate
534 905 638 965 usque
655 888 693 948 ad
709 889 821 946 horam

59 987 191 1063 mortis,
213 995 247 1047 ut
269 997 358 1047 esset
379 986 531 1046 omnibus
554 987 739 1062 exemplum
759 985 845 1044 vir-s

57 1086 144 1147 tutis
173 1095 205 1146 et
233 1084 430 1160 sanctitatiS,
461 1094 524 1144 tam
557 1084 695 1144 subditis
726 1100 821 1159 quam

59 1183 227 1261 praelatis
249 1183 402 1245 Ostendit
416 1183 501 1243 viam
518 1199 615 1242 verae
631 1181 823 1242 humilitatis

60 1284 96 1343 in
113 1289 268 1358 apparatu
284 1299 418 1358 magnae
429 1281 642 1358 paupertatis3
657 1297 715 1364 per
726 1297 821 1356 quam

60 1381 103 1440 ad
125 1380 301 1440 caelestem
319 1380 496 1439 Ierusalem
513 1389 601 1439 recto
617 1379 734 1438 itinere
750 1395 823 1454 pos-

61 1487 115 1538 set
138 1477 317 1537 ascendere
340 1478 437 1537 etiam
460 1477 596 1554 quilibet
613 1493 736 1552 pauper
751 1475 859 1536 sineru

62 1593 162 1653 equo,
184 1576 256 1636 sine
279 1594 392 1651 curru,
414 1576 485 1635 sine
508 1575 600 1634 asino
622 1574 695 1634 sine
717 1575 822 1634 mulo:

63 1675 139 1735 sine
168 1691 247 1750 pera
268 1675 340 1734 sine
362 1673 517 1750 pecunia,
548 1673 620 1733 sine
641 1674 823 1748 praelatura

63 1774 138 1833 sine
154 1774 255 1849 bysso
271 1773 343 1832 sine
358 1791 510 1849 purpura.
537 1772 705 1849 Siquidem
725 1771 823 1830 huius

63 1871 171 1931 sancti
193 1871 321 1930 itineris
343 1871 414 1947 ipse
430 1871 544 1930 ductor
559 1887 671 1929 comes
686 1878 718 1929 et
733 1886 823 1945 prae-

63 1985 196 2028 cessor:
226 1968 297 2045 ipse
324 1977 412 2029 tutor
438 1979 470 2028 et
490 1969 701 2045 gubernat0r;
728 1967 782 2042 qui
806 1983 858 2025 ars

65 2067 163 2126 Patre
186 2066 308 2126 missus
329 2066 419 2126 verrit
441 2066 474 2125 in
497 2066 672 2125 mundum:
702 2074 736 2124 ut
758 2066 823 2141 pla·

63 2181 139 2222 nam
171 2173 203 2232 et
229 2164 335 2224 levem
365 2164 487 2224 laceret
513 2164 597 2223 viam
620 2163 823 2238 humilitatis,

64 2279 129 2339 qua
149 2279 266 2321 secure
282 2262 412 2322 venitur
427 2261 466 2320 ad
482 2262 617 2320 caelum.
647 2260 823 2320 Attendant

64 2361 147 2418 haec
164 2375 324 2435 pauperes
340 2369 372 2419 et
387 2360 564 2419 laetentur:
580 2357 711 2418 audiant
727 2357 823 2417 mites

64 2466 95 2516 et
128 2457 356 2532 consolentur3
388 2456 463 2532 quia
494 2457 533 2515 ad
565 2455 858 2515 consolationemao

63 2570 245 2631 pauperum
256 2553 823 2614 RexnosterbominuslesusChri·

63 2663 135 2713 stus
152 2668 226 2710 cum
243 2661 331 2710 esset
346 2652 439 2711 dives
454 2662 486 2711 et
499 2651 644 2711 omnium
656 2652 822 2727 princeps:

64 2767 189 2827 pauper
217 2765 275 2824 pro
304 2747 399 2808 nobis
428 2748 532 2808 factus
555 2758 605 2808 est
627 2759 658 2809 et
679 2749 823 2825 patiens;

64 2858 98 2910 ut
125 2866 186 2908 sua
213 2856 401 2923 paupertate
423 2864 484 2906 nos
507 2846 625 2907 divites
647 2847 768 2907 laceret
789 2847 822 2906 in

64 2945 182 3022 gratia:
213 2954 244 3004 et
273 2944 312 3004 de
339 2943 628 3021 exiguis'magnos
656 2945 689 3004 in
711 2944 858 3021 gloriaas

65 3044 139 3120 lpse
162 3042 261 3119 igitur
282 3042 315 3101 irr
336 3041 549 3102 similitudine
565 3043 718 3118 pauperis
733 3041 823 3102 venit

64 3144 102 3203 ad
125 3140 296 3216 homines3
317 3157 440 3216 pauper
460 3139 541 3200 vixit
556 3139 641 3200 inter
655 3140 821 3199 homines:

64 3256 189 3316 pauper
210 3237 289 3298 obiit
310 3256 368 3314 pro
391 3239 588 3298 hominibus.
621 3239 695 3298 Non
711 3237 823 3298 habuit

65 3337 229 3397 civitatem
252 3353 359 3412 neque
383 3344 535 3411 castrum,
559 3352 667 3412 neque
689 3337 820 3396 domum

65 3433 227 3512 propriam
250 3434 283 3493 in
306 3434 519 3494 hereditatem
543 3434 758 3509 praeclaram;
789 3442 857 3493 etse

65 3542 172 3591 tamen
195 3549 214 3591 a
235 3531 432 3607 pauperibus
455 3541 487 3590 et
504 3530 707 3606 simplicibus
723 3529 820 3589 hodie

425 3635 465 3676 aar
