2118 4186
82 450 407 502 mammetis*
459 452 473 490 9
524 450 840 501 ,.:·.:¹.„.'.‚

445 606 487 654 lx.

96 724 210 784 Oratio
232 723 275 782 ad
297 724 424 782 beatam
446 723 598 798 virginem
621 724 760 783 Mariam
779 740 839 798 pra

273 821 408 897 speciali
430 821 660 881 consolatione.

84 915 327 1135 &Vsum
343 973 650 1033 misericordissima
666 983 769 1033 mater
784 972 845 1032 Dei

171 1078 193 1133 a

217 1073 331 1147 illaria,
352 1089 484 1132 servum
506 1081 596 1131 tuum
613 1072 651 1131 ad
667 1080 699 1130 te
715 1071 755 1130 de
770 1088 870 1146 qua-5

86 1187 231 1245 cumque
254 1169 463 1229 tribulatione
487 1168 675 1245 fugientem.
708 1168 846 1244 Suscipe

86 1285 160 1342 me,
188 1267 279 1344 virgo
309 1267 474 1343 piissima,
504 1268 590 1326 sicut
619 1267 751 1326 unicum
781 1283 846 1326 non

85 1366 264 1424 habentem
295 1367 543 1426 consolatorem.
591 1365 691 1438 Vide,
717 1364 847 1424 domina

86 1480 179 1536 mea,
210 1462 420 1522 afflictionem
451 1479 556 1522 meam
586 1472 618 1522 et
646 1461 753 1521 sinum
783 1463 847 1522 cle·

85 1560 232 1620 mentiae
263 1570 337 1619 tuae
368 1560 456 1635 aperi
488 1560 578 1620 mihi.
629 1560 712 1619 Ecce
741 1560 846 1635 pulso,
859 1577 883 1616 ro

87 1659 212 1732 clamo,
241 1667 315 1734 peto
342 1667 374 1718 et
396 1658 504 1718 adoro.
548 1658 621 1717 Non
645 1657 763 1717 recedo
785 1674 846 1717 nec

87 1767 120 1816 te
153 1755 297 1831 dimitto;
332 1756 391 1815 sed
420 1755 477 1815 tibi
510 1756 709 1830 adhaerebo,
742 1756 846 1815 donec

88 1854 279 1915 miserearis
290 1853 364 1913 mei.
388 1852 463 1913 Scio
479 1853 765 1928 incomparabilem
777 1854 846 1913 dul-

89 1953 241 2012 cedinem
255 1961 358 2011 tuam:
374 1951 449 2011 novi
466 1950 619 2010 affectum
635 1951 845 2011 maternalem

89 2050 199 2111 cordis
228 2049 274 2108 tui
302 2066 341 2108 ex
370 2047 565 2108 abundantia
593 2047 694 2108 divini
726 2047 846 2108 amoris
859 2065 883 2104 15

88 2148 137 2208 sic
160 2145 383 2222 liquefactum,
405 2156 440 2205 ut
457 2146 631 2221 desperare
647 2147 687 2206 de
702 2154 757 2206 tua
772 2163 847 2205 con-

89 2244 251 2306 solatione
274 2243 373 2304 nimis
395 2243 437 2303 sit
460 2243 663 2303 forefactum.
704 2244 846 2320 ideoque

90 2342 359 2418 frequentissime
375 2351 407 2401 et
417 2341 696 2402 desideratissime
709 2358 761 2401 me
772 2358 848 2400 con·

90 2442 162 2501 fero
184 2440 224 2499 ad
246 2450 293 2500 te:
317 2450 351 2500 ut
373 2440 443 2500 sive
460 2441 545 2500 bene
565 2439 635 2499 sive
651 2438 748 2498 etiam
764 2439 848 2498 male

91 2555 222 2599 mecum
245 2537 360 2611 fuerit,
382 2554 513 2613 semper
535 2536 599 2596 tuis
621 2536 772 2611 gratiosis
794 2550 884 2595 au·20

90 2636 179 2697 xiliis
202 2652 328 2695 merear
349 2635 474 2695 amiciri
498 2645 530 2695 et
551 2634 758 2694 suavissimis
774 2651 849 2694 con-

90 2733 307 2794 solationibus
337 2732 403 2792 oris
430 2731 475 2791 tui
500 2731 651 2791 refoveri.
694 2730 739 2791 Te
761 2731 848 2791 enim

90 2833 247 2908 loquente
278 2830 495 2890 consolatoria
526 2846 609 2906 quae
640 2829 703 2888 iarn
733 2829 851 2903 poterit

90 2928 181 2989 cordi
205 2927 315 2986 inesse
338 2927 495 2989 tristitia?
531 2925 596 2987 Aut
618 2925 781 3002 quomodo
803 2925 848 2984 illi

90 3025 223 3087 nocebit
245 3025 409 3100 inimicus,
431 3025 482 3084 cui
505 3025 545 3084 ad
567 3035 599 3084 te
618 3034 705 3101 patet
720 3041 886 3101 semperzs

91 3125 175 3184 liber
186 3123 366 3183 recursus?
389 3122 514 3182 Inclina
527 3122 636 3198 itaque
652 3139 749 3197 nunc,
761 3123 850 3182 beni-

90 3221 250 3299 gnissima
272 3231 384 3294 mater,
406 3219 549 3280 humiles
571 3238 667 3281 aures
689 3231 761 3281 tuas
778 3239 850 3297 pre·

91 3321 186 3380 cibus
197 3319 290 3379 meis
305 3307 848 3394 Inc‘lina‚illustrisvirgo‚hydriam

91 3429 179 3478 tuam
208 3426 240 3476 et
266 3417 306 3476 da
327 3416 406 3476 mibi
429 3415 607 3491 pauxillum
629 3415 758 3475 bibere:
787 3417 849 3475 hoc

92 3525 153 3585 est,
175 3515 215 3574 de
231 3513 363 3589 copiosa
377 3512 478 3589 gratia
493 3523 557 3587 tua,
579 3529 661 3588 quae
677 3511 710 3572 in
726 3522 757 3573 te
773 3512 885 3572 latetao

450 3617 488 3658 aar
