2118 4186
218 438 258 490 ΘΣ
278 436 450 489 [SERMONES
462 437 501 478 DE
512 437 579 480 VITA
591 437 626 479 ET
636 436 784 480 PASSIONE
796 437 917 490 DOMINI]
932 437 967 488 ζῶ

220 571 345 632 Christi
362 572 531 647 laetantur,
547 582 578 633 et
594 573 699 632 Deum
716 572 847 632 laudare
862 571 968 632 iuben·

219 679 288 745 tur;
317 687 375 745 per
396 686 492 745 quem
520 670 616 729 nobis
642 680 706 730 tam
728 668 871 746 pretiosa
891 668 969 727 dona

219 766 436 842 spiritualium
468 767 700 828 charismatum
731 767 847 827 collata
882 776 971 826 sunt:

219 875 251 924 et
279 865 384 924 adhuc
413 864 536 924 maiora
565 875 597 924 et
622 865 736 924 altiora
761 865 795 924 in
818 864 883 924 line
905 865 971 924 red·

196 963 345 1023 sdentur.
389 962 472 1022 Ecce
494 962 558 1022 iam
581 963 743 1024 elementa
766 963 898 1023 hiemali
922 962 971 1022 iri-

218 1078 296 1138 gore
319 1060 493 1120 constricta
515 1060 668 1136 paulatim
691 1077 727 1120 se
748 1060 915 1136 aperiunt:
943 1071 972 1118 et

219 1159 257 1218 ad
287 1168 479 1234 sequentem
508 1158 717 1219 festivitatem
744 1159 882 1235 quadam
906 1174 972 1217 ver·

220 1256 283 1316 nali
299 1255 494 1317 amoenitate
510 1273 547 1316 se
562 1256 748 1332 disponunt.
772 1253 873 1315 Terra
888 1271 972 1314 narn·

219 1371 282 1431 que
304 1353 358 1413 diu
382 1353 503 1413 sterilis
526 1362 557 1413 et
578 1353 716 1427 inculta,
744 1352 971 1413 fecunditatem

186 1469 209 1509 to
220 1451 348 1512 virtutis
370 1468 449 1510 suae
472 1461 620 1526 patenter
640 1450 798 1511 ostendit:
827 1468 864 1510 ac
894 1451 972 1510 laeta

218 1548 364 1625 gramina
387 1549 479 1623 parit.
523 1547 667 1608 Arbores
689 1559 722 1608 et
742 1548 882 1624 virgulta
903 1566 971 1608 sua·

219 1646 373 1707 vissimos
405 1647 503 1706 liores
534 1647 703 1707 emittunt:
733 1657 764 1706 et
793 1647 971 1712 virentibus

219 1743 306 1804 loliis
333 1754 495 1820 tamquam
523 1744 618 1805 novis
644 1744 791 1804 vestibus
817 1745 971 1804 adornan-

217 1853 278 1902 tur.
329 1843 489 1903 Volucres
526 1842 605 1902 caeli
643 1843 717 1918 gelu
756 1841 839 1902 tristi
877 1853 971 1914 terso,

184 1939 355 2000 radulciter
385 1940 539 2001 iubilant:
571 1951 602 2000 et
633 1957 691 2015 per
721 1957 816 2017 agros
847 1958 885 1999 ac
918 1956 969 2000 ne·

217 2054 308 2097 mora
322 2038 480 2112 volantes
502 2038 710 2099 serenitatem
726 2038 812 2098 aeris
827 2055 865 2098 ac
881 2038 969 2098 uber·

217 2143 314 2195 tatem
338 2134 457 2196 messis
480 2136 587 2196 redire
609 2138 821 2213 congaudent.
866 2137 971 2198 Solet

217 2235 294 2294 luna
323 2244 473 2310 astraque
502 2251 660 2310 superna:
689 2235 809 2294 clarius
841 2252 901 2294 sua
927 2236 970 2294 lu-

218 2331 305 2392 mina
335 2342 500 2409 spargunt.
550 2333 648 2393 Nulla
678 2333 798 2409 quippe
828 2345 970 2394 creatura

181 2430 281 2492 aoiam
313 2431 473 2492 cernitur:
509 2448 592 2507 quae
624 2430 758 2491 Christo
790 2430 968 2508 resurgenti

217 2545 276 2588 sua
291 2528 502 2589 renovatione
517 2546 583 2589 non
598 2529 771 2606 applaudit.
795 2529 882 2590 Cum
899 2547 970 2607 ergo

217 2635 304 2686 tanta
325 2625 510 2687 iucunditas
525 2637 576 2686 est
594 2627 833 2687 inclementis:
856 2637 971 2704 quanta

217 2723 371 2784 exultatio
387 2723 482 2784 debet
497 2742 573 2785 esse
588 2725 712 2802 angelis
728 2734 760 2785 et
774 2725 970 2802 hominibus,
1038 2783 1039 2786 ,

217 2822 336 2883 ceteris
358 2823 516 2882 creaturis
544 2823 656 2894 mundi
683 2823 846 2899 praelatis.
889 2826 970 2885 Vere

181 2939 208 2980 25
218 2921 298 2979 haec
321 2929 371 2980 est
393 2919 464 2980 dies
484 2938 580 2997 quam
597 2921 674 2983 fecit
690 2922 870 2998 Dominus3
893 2924 971 2984 sicut

217 3016 424 3092 apertissime
447 3018 541 3078 nobis
557 3019 699 3079 ostendit
714 3035 772 3094 per
787 3019 971 3096 scripturas,

217 3132 276 3191 per
297 3115 433 3192 ligurus,
461 3133 520 3192 per
540 3119 732 3193 prophetas,
761 3133 819 3193 per
841 3119 970 3194 angelos

218 3229 275 3291 per
306 3213 470 3289 apostolos
501 3223 532 3274 et
563 3215 731 3275 doctores:
763 3216 836 3277 eius
867 3234 969 3278 resur·

218 3310 396 3370 rectionem
426 3321 646 3372 contestantes
678 3323 710 3374 et
739 3314 969 3389 praedicantes.

181 3409 257 3471 soEt
286 3408 338 3468 ubi
366 3408 476 3468 omnia
498 3411 684 3487 concinunt,
706 3421 738 3472 et
759 3421 823 3471 tam
847 3428 969 3472 summa

218 3523 313 3582 quam
331 3505 443 3566 infima
458 3506 543 3566 idem
559 3508 738 3569 affirmant:
760 3509 887 3570 nullum
910 3511 967 3571 iam

575 3610 615 3654 aco
