2114 4168
229 437 350 488 m
377 436 551 480 ORATIONES
568 437 606 479 DE
621 437 697 480 nllls
713 436 840 480 SANCTIS
866 439 988 492 &m

231 571 335 630 rentia
363 581 394 630 et
423 581 564 631 tremore
591 572 624 631 in
648 571 784 631 Iordane
805 572 990 647 baptizasti.

230 667 277 728 Tu
303 668 407 727 Patris
436 685 550 728 vocem
580 669 619 728 de
651 669 782 728 sublimi
814 679 987 729 sonantem

229 767 358 827 audisti.
398 767 460 826 Hic
483 777 533 827 est
556 766 642 826 lilius
665 783 758 826 meus
781 767 932 842 dilectus,
953 769 987 827 in

230 883 294 942 quo
316 865 396 924 mihi
419 865 503 925 bene
525 866 717 942 complacui.
757 865 805 925 Tu
829 865 985 941 Spiritum

206 973 377 1023 ssanctum
398 963 432 1022 in
449 963 618 1023 columbae
634 963 745 1039 specie
760 980 860 1040 super
876 964 986 1023 Domi·

229 1078 306 1120 num
319 1061 521 1121 Salvatorem
533 1061 786 1122 descendentem
803 1079 839 1121 ac
854 1078 986 1122 manen-

229 1168 294 1217 tem
307 1158 411 1218 beatis
427 1160 531 1219 oculis
547 1160 756 1236 conspexisti.
779 1159 826 1221 Tu
838 1178 985 1220 summae

229 1255 396 1316 Trinitatis
425 1257 589 1318 ineffabile
621 1259 814 1334 mysterium
844 1277 986 1335 superna

230 1355 429 1415 revelatione
451 1356 609 1416 didicisti:
632 1364 728 1432 atque
751 1355 887 1418 Christo
911 1357 984 1416 lesu

195 1471 220 1510 10
231 1452 372 1512 Domino
394 1464 506 1513 nostro
529 1453 740 1513 indubitabile
760 1455 984 1515 testimonium

230 1551 434 1626 perhibuisti,
455 1551 532 1627 quia
554 1551 607 1610 hic
629 1562 680 1612 est
702 1551 788 1611 filius
811 1553 883 1612 Dei.
920 1553 983 1613 Sed

230 1659 261 1708 et
293 1650 385 1709 lesus
421 1667 535 1708 rursus
571 1659 634 1709 tam
671 1649 878 1725 magnificum
911 1660 985 1710 tuae

229 1747 389 1806 sanctitati
430 1747 653 1807 testimonium
690 1747 847 1823 reddidit,
889 1750 985 1825 quale

229 1857 414 1906 sanctorum
437 1846 555 1922 aliquis
577 1846 688 1905 audire
711 1845 743 1905 in
767 1847 827 1906 hac
843 1847 984 1906 mortali·

195 1961 219 2001 15
229 1944 302 2003 tatis
331 1945 404 2004 luce
430 1961 496 2003 non
518 1944 646 2004 meruit.
690 1944 778 2004 lnter
799 1955 892 2004 natos
914 1962 984 2004 mu-

228 2041 362 2117 lierum,
391 2041 512 2118 inquit,
540 2041 643 2100 maior
672 2041 816 2101 Iohanne
839 2043 986 2117 Baptista

228 2156 325 2198 nemo
348 2139 498 2199 surrexit.

270 2235 298 2297 O
329 2236 465 2312 signifer
494 2246 690 2312 martyrum,
719 2237 908 2296 honorande
937 2238 986 2297 lo·

229 2335 365 2408 hannes,
389 2344 422 2393 tu
445 2335 516 2394 zelo
539 2334 680 2394 iustitiae
703 2344 735 2394 et
757 2351 867 2394 amore
890 2337 986 2395 casti-

192 2432 302 2492 2otatis
329 2431 494 2493 effervens
516 2433 701 2509 impiissimi
726 2432 868 2492 Herodis
897 2433 986 2509 regis

228 2530 389 2590 incestum
412 2531 636 2591 detestabilem
660 2548 740 2590 voce
766 2530 987 2606 imperterrita

229 2627 414 2704 obiurgasti.
467 2630 505 2689 Et
535 2646 592 2705 pro
627 2629 807 2688 constantia
838 2629 987 2688 veritatis

228 2735 365 2786 taetrum
398 2743 561 2786 carcerem
594 2736 626 2786 et
655 2727 736 2785 dura
765 2726 897 2786 vincula
932 2743 987 2802 pa-

228 2823 347 2884 tienter
382 2823 497 2883 subisti
534 2841 570 2883 ac
606 2825 736 2883 demum
778 2824 817 2883 ad
857 2824 987 2900 petitio·
1041 2873 1042 2876 η

192 2938 303 2981 25nem
341 2922 513 2982 mulierum
552 2922 814 2998 turpissimarum
854 2922 986 2997 sangui-

228 3035 303 3077 nem
326 3028 417 3078 tuum
441 3019 564 3078 furiose
580 3019 758 3079 sitientium
775 3019 985 3079 benedictum

229 3127 323 3191 caput
345 3126 435 3176 tuum
457 3119 497 3176 ab
519 3117 655 3177 infantia
670 3118 740 3177 Deo
757 3127 985 3177 consecratum
1040 3155 1041 3184 2

227 3213 333 3289 gladio
363 3215 569 3291 spiculatoris
595 3215 826 3290 amputandum
854 3226 987 3290 sponta-

228 3328 311 3370 neus
333 3311 509 3388 tradidisti,
537 3313 649 3389 sicque
672 3311 830 3388 sanguine
852 3313 985 3388 proprio
1039 3373 1040 3380 χ

192 3429 219 3469 ao
229 3418 424 3484 purpuratus
440 3419 471 3468 et
484 3409 629 3485 martyrii
641 3410 746 3485 palma
757 3409 874 3485 dignus
886 3409 985 3470 effec-
1039 3395 1040 3473 l

229 3515 281 3564 tus
304 3507 395 3580 quasi
418 3509 541 3583 lampas
564 3507 928 3567 mundiardentissima
945 3507 984 3566 ad

585 3611 625 3651 ³70
