2128 4190
250 452 291 503 «Β
308 450 481 502 [SERMONES
493 452 532 494 DE
543 452 609 494 VlTh
621 452 655 494 ET
667 450 815 494 PASSIONE
827 451 957 505 DOMINI]
973 453 1017 505 ΔΘ

251 585 450 661 praesentis3
472 594 523 646 est
548 586 693 662 purgatio
716 586 801 663 ignis
823 587 1015 663 sequentis:

251 693 302 744 est
330 699 445 760 magna
473 683 651 744 satisfactio
680 701 738 759 pro
764 685 908 760 peccatis
933 687 1016 746 coti-

251 781 366 842 dianis.
409 780 472 840 His
493 789 525 840 et
547 779 619 839 aliis
641 781 891 857 quamplurimis
913 783 1015 843 bonis

251 879 409 940 redundat
436 889 467 939 et
494 878 588 939 floret
609 879 718 956 passio
742 879 868 942 Christi
891 881 1016 941 devote
1052 872 1058 971 Ι

227 987 400 1052 sponsata:
430 976 619 1053 frequenter
641 977 740 1051 lecta,
761 977 876 1037 intime
899 979 1015 1040 masti-

251 1085 330 1136 cata.
373 1075 444 1135 Hoc
474 1074 593 1134 melius
621 1056 773 1136 novit'et
794 1075 880 1151 sapit
900 1076 1016 1136 anima

251 1173 322 1232 Deo
353 1172 478 1246 dedita,
514 1172 636 1233 mundo
667 1172 789 1248 aliena,
821 1174 1015 1235 solitudinis

250 1271 369 1331 amica:
391 1271 458 1330 oris
480 1270 531 1330 sui
552 1281 672 1347 custos,
695 1270 793 1331 corde
807 1271 956 1346 humilis,
981 1285 1015 1333 et

250 1369 360 1446 quieta
389 1385 407 1427 a
438 1367 535 1427 curis.
588 1368 652 1428 lsta
682 1376 794 1427 sancta
825 1371 1014 1431 recordatio

216 1480 378 1524 rosumme
414 1463 484 1522 Deo
519 1464 641 1540 placet3
676 1463 809 1540 angelos
846 1465 1016 1543 laetificat,

249 1561 400 1621 homines
416 1561 576 1622 aedificat:
596 1560 830 1622 conscientiam
847 1563 1015 1640 purificat,

248 1659 391 1719 taedium
414 1660 557 1736 repellit,
579 1660 709 1720 dolores
731 1657 827 1734 lenit,
855 1660 1014 1721 amaritu-

248 1757 342 1817 dines
364 1757 526 1818 dulcorat:
555 1757 636 1817 iram
659 1755 822 1833 reprimit,
853 1760 1014 1834 concupi·

248 1855 406 1914 scentiam
434 1855 548 1915 frenat.
592 1855 718 1915 Revera
744 1855 854 1931 passio
879 1855 1012 1918 Christi

215 1975 239 2015 15
249 1962 298 2012 est
320 1954 494 2012 thesaurus
510 1953 570 2013 Dei
593 1953 813 2028 absconditus,
834 1953 1011 2030 plenitudo

249 2051 355 2110 omnis
390 2050 536 2126 virtutis,
572 2050 729 2128 perfectio
764 2051 1011 2127 religiositatis:

249 2165 377 2209 summa
398 2148 498 2209 totius
520 2148 710 2208 sanctitatis.

290 2246 354 2307 Sed
378 2248 443 2306 heu
465 2256 584 2322 quanta
607 2255 657 2305 est
681 2244 877 2321 ingratitudo
903 2246 1013 2307 homi·

248 2345 310 2422 nis,
325 2354 445 2421 quanta
459 2342 584 2404 desidia
599 2343 706 2403 cordis
721 2343 870 2404 humani:
886 2356 1013 2420 quanta

212 2441 453 2520 eoneglegentia
474 2439 505 2500 in
530 2439 754 2500 recordatione
769 2441 1010 2503 beneficiorum

250 2541 328 2616 Dei;
349 2557 433 2617 quae
449 2547 535 2599 tanta
550 2547 636 2612 sunt,
657 2547 721 2598 tam
745 2556 860 2616 magna
883 2549 915 2600 et
937 2557 1013 2617 pre·

146 2685 162 2707 Ι,
248 2640 346 2700 tiosa:
376 2648 411 2698 ut
438 2653 499 2696 nec
528 2635 691 2696 aestimari
717 2647 853 2713 queant,
883 2655 947 2698 nec
971 2640 1012 2698 ab

127 2733 129 2740 ’
248 2737 356 2812 aliquo
372 2735 468 2811 plene
484 2734 648 2812 explicari.
686 2733 766 2794 Redi
789 2751 866 2811 ergo
889 2736 929 2796 ad
952 2753 1013 2796 cor

247 2847 338 2895 tuum
362 2851 380 2894 o
402 2850 499 2894 serve
522 2831 664 2906 Christi3
693 2841 725 2892 et
753 2831 886 2892 omissis
912 2834 1011 2893 vanis

211 2943 280 2993 eset
309 2930 440 2992 caducis
470 2931 584 3005 rebus,
613 2930 722 2990 recole
750 2929 912 2990 beneficia
935 2931 1011 3005 Dei,

248 3040 280 3090 et
294 3029 469 3107 praecipue
485 3030 524 3090 de
540 3028 693 3104 passione
709 3027 835 3089 Christi
852 3027 1010 3104 frequen·

247 3140 298 3190 ter
319 3137 351 3188 et
372 3127 498 3187 seriose
514 3126 686 3186 meditare:
709 3136 871 3202 quatenus
887 3139 929 3186 ex
946 3126 1009 3186 hoc

248 3225 295 3286 ad
332 3241 520 3284 amorem
557 3223 703 3299 ipsius
743 3221 1009 3282 ferventius

248 3322 526 3383 accendaris.
569 3319 659 3380 Tunc
692 3319 758 3380 eris
789 3319 860 3378 Deo
892 3335 1008 3394 accep·

211 3431 311 3495 sotus,
331 3430 363 3480 et
382 3421 416 3479 in
434 3419 531 3479 corde
551 3429 606 3479 tuo
624 3417 718 3478 valde
738 3418 843 3478 laetus
862 3425 896 3476 et
916 3415 1008 3493 quie·

248 3528 320 3591 tus;
349 3516 376 3575 si
402 3533 528 3576 memor
550 3515 651 3574 fueris
673 3513 908 3576 beneficiorum
935 3515 1007 3588 Dei,

605 3618 646 3660 aee
