2114 4168
71 593 168 636 meus
198 586 229 636 et
252 577 343 637 Deus
371 593 475 637 meus.
518 576 548 638 Ο
571 575 830 637 amantissimum

69 686 103 734 et
141 674 368 735 dulcissimum
405 676 541 734 verbum
583 675 716 751 plenum
758 673 831 749 fide,

70 771 183 831 auditu
214 771 410 849 iucundum,
439 772 632 833 delectabile
663 773 703 832 ad
731 773 832 832 rumi-

68 869 226 929 nandum.
253 869 340 930 Vere
362 879 449 931 totus
470 870 504 930 in
526 870 739 930 admiratione
762 888 832 946 rap·

68 978 142 1042 tus,
177 977 264 1028 totus
297 968 331 1027 in
362 984 472 1027 amore
503 967 709 1044 liquescens,
744 978 855 1030 totuss

69 1063 182 1123 divina
210 1064 383 1124 dulcedine
411 1064 591 1125 inebriatus
621 1066 728 1142 luisti,
757 1084 831 1127 cum

69 1160 302 1237 Redemptoris
323 1163 426 1223 nostri
449 1179 565 1222 arcana
588 1162 714 1223 intrasti
737 1164 832 1224 etde

69 1259 237 1319 Dominici
260 1259 371 1321 lateris
394 1260 483 1319 lonte
505 1259 731 1320 dulcissimum
755 1260 829 1320 lidei

67 1357 208 1416 verbum
225 1357 396 1433 reportasti
412 1358 535 1418 dicens.
559 1358 721 1418 Dominus
736 1375 831 1418 meus

68 1464 102 1514 et
131 1454 223 1514 Deus
252 1472 356 1515 meus.
400 1455 430 1517 O
457 1472 553 1532 quarn
582 1455 735 1514 salutaria
763 1466 868 1514 me-10

68 1551 255 1611 dicamenta
285 1553 319 1612 in
350 1563 460 1630 aperto
493 1552 618 1617 Christi
653 1553 752 1612 latere
785 1551 831 1610 in·

69 1649 203 1709 venisti.
247 1650 354 1726 Quam
384 1651 576 1711 mellifluum
603 1658 755 1709 aeternae
782 1667 831 1708 sa-

68 1747 215 1822 pientiae
246 1759 375 1824 gustum
408 1749 448 1808 de
480 1748 624 1808 lontibus
653 1746 831 1806 Salvatoris

68 1845 220 1906 hausisti.

111 1945 236 2005 Beatus
272 1962 327 2021 es,
365 1953 476 2004 sancte
512 1941 637 2001 Thoma
676 1942 831 2017 apostole,
842 1953 867 1994 1⁵

69 2051 102 2101 et
124 2042 319 2103 benedictus
348 2059 457 2102 sermo
479 2040 546 2101 oris
567 2038 632 2114 tui,
661 2037 716 2114 qui
743 2055 830 2098 surn-

67 2157 157 2200 mam
199 2141 315 2201 salutis
354 2149 485 2198 nostrae
525 2147 556 2197 et
594 2147 745 2196 aeternae
781 2153 830 2195 re-

68 2237 268 2313 demptionis
297 2237 436 2314 pretium
465 2236 498 2296 in
525 2235 678 2313 passione
703 2234 829 2296 Christi

68 2343 102 2393 et
131 2334 372 2394 resurrectione
394 2334 489 2394 nobis
509 2333 749 2393 demonstrasti.
793 2333 829 2391 ln

68 2431 198 2492 Christi
226 2431 389 2508 siquidem
418 2431 570 2507 passione
599 2431 689 2490 salus
718 2439 866 2490 nostrazo

67 2539 101 2589 et
124 2529 323 2605 redemptio,
352 2529 384 2588 in
407 2528 648 2588 resurrectione
671 2527 742 2594 eius
764 2527 829 2588 vita

68 2637 182 2688 nostra
210 2637 242 2688 et
270 2625 425 2703 perennis
447 2641 523 2700 spes
545 2625 677 2700 gloriae.
720 2625 828 2685 Huius

67 2725 277 2786 beatissimae
307 2721 557 2785 resurrectionis
580 2722 771 2782 Dominicae
793 2731 828 2782 tu

68 2823 175 2883 iactus
204 2839 240 2883 es
269 2822 363 2882 testis
391 2820 640 2895 veracissimus,
668 2820 753 2880 sicut
779 2820 827 2879 Ιο-

67 2921 171 2996 seph,
202 2937 344 2996 sponsus
375 2918 500 2977 Mariae
531 2918 686 2995 virginiS,
717 2929 863 2978 custoszs

67 3016 264 3093 virginitatis
287 3018 358 3077 eius
375 3017 435 3077 fuit
450 3026 481 3077 et
496 3017 590 3078 testis
606 3016 826 3077 fidelissimus

69 3116 189 3191 loseph
211 3117 250 3175 ab
272 3115 387 3191 angelo
410 3115 525 3176 doctus
547 3124 597 3175 est
614 3114 654 3174 de
669 3113 825 3190 mysterio

68 3212 319 3288 incarnationis,
348 3222 382 3273 tu
411 3213 449 3272 ab
471 3214 660 3289 angelorum
685 3211 825 3271 Domino

68 3310 109 3369 de
138 3309 274 3370 veritate
301 3311 562 3371 resurrectionis.
609 3310 667 3370 Ille
696 3309 826 3370 iubetur

70 3407 208 3467 Mariam
244 3407 415 3483 coniugem
454 3424 546 3467 suam
586 3407 751 3484 accipere,
790 3417 861 3469 tuso

70 3504 196 3565 Christi
212 3505 384 3580 gloriosam
399 3522 529 3565 carnem
546 3505 668 3564 iuberis
682 3516 824 3580 tangere.

98 3610 248 3652 ThomueaK.
257 3609 341 3663 Opera.
354 3610 394 3652 lli.
427 3611 468 3652 385
691 3609 718 3650 25
