2122 4196
63 445 96 494 ΘΣ
126 443 296 486 mantnano
315 441 599 484 DE'INCARNATIONE
616 439 740 482 cuntstl
774 439 813 489 ἵρ.)

65 577 164 649 fuisti,
200 587 233 637 et
269 578 331 636 hoc
363 577 549 636 mandatum
586 592 604 633 a
636 574 731 633 Patre
762 590 813 631 ac·

64 677 181 752 cepisti.

100 773 253 833 Perhibet
268 789 398 848 quoque
410 772 504 831 Iacob
519 771 710 847 patriarcha,
725 771 813 831 testi*
824 801 914 832 neos·

64 871 200 930 monium
217 869 429 930 verissimum
445 869 512 929 tibi.
544 868 606 928 Hic
623 867 813 944 prophetico

64 968 171 1042 spiritu
194 969 327 1027 doctus:
356 968 457 1027 multa
479 966 555 1027 filiis
585 966 654 1026 suis
676 975 837 1026 venturas

65 1066 224 1138 praedixit.
248 1066 331 1125 Nam
348 1065 467 1125 tribum
484 1066 523 1125 de
540 1082 603 1140 qua
618 1064 813 1138 nasciturus,

65 1172 93 1223 et
111 1174 238 1239 tempus
254 1180 318 1239 quo
334 1180 428 1223 esses
443 1164 643 1223 adventurus
659 1162 813 1222 innotuit:

65 1277 133 1320 cum
147 1260 347 1320 benedicens
363 1261 475 1320 Iudam
492 1260 594 1320 filium
610 1277 707 1320 suum
730 1259 814 1319 inter

65 1357 121 1416 alia
141 1358 272 1418 diceret.
310 1357 383 1418 Non
406 1353 574 1417 auferetur
595 1357 700 1435 inquit
722 1373 813 1432 scep-

66 1467 143 1514 trum
165 1457 204 1515 de
222 1456 310 1530 luda,
332 1466 364 1516 et
386 1456 451 1515 dux
473 1457 513 1515 de
536 1455 716 1515 femoribus
732 1455 850 1529 eius,1o

67 1553 162 1613 donec
183 1554 293 1613 veniat
315 1552 369 1629 qui
393 1553 571 1613 mittendus
594 1562 659 1612 est:
690 1551 813 1629 etipse

66 1650 123 1710 erit
149 1651 328 1727 expectatio
357 1651 513 1727 gentium.
557 1650 654 1727 Quod
682 1651 813 1726 quidem

66 1749 280 1809 testimonium
297 1766 376 1808 sane
387 1749 588 1808 intellectum
601 1758 727 1809 constat
743 1749 815 1808 sine

67 1845 157 1905 dubio
178 1847 211 1906 in
229 1857 260 1907 te
277 1847 486 1921 completum,
508 1847 562 1922 qui
580 1846 720 1906 detribu
738 1847 815 1906 luda

68 1953 166 2004 ortum
194 1945 423 2022 dignissimum
453 1945 612 2020 habuisti3
641 1953 673 2004 et
702 1944 756 2003 illo
781 1943 814 2002 in
827 1961 851 2000 rs

68 2042 814 2118 temporehanclucemmundiintrasti,quando

68 2138 222 2214 legitimus
245 2141 309 2200 dux
326 2141 358 2200 in
376 2140 494 2200 Iudaea
508 2140 689 2200 defecerat:
712 2149 743 2200 et
758 2157 815 2198 rex

68 2246 212 2298 externae
240 2237 382 2298 nationis
413 2238 580 2312 HerodeS,
611 2238 678 2296 illic
707 2254 815 2297 arcem

68 2334 259 2411 principatus
279 2336 418 2395 tenebat.
450 2335 524 2396 Non
540 2353 617 2412 ergo
633 2337 815 2411 expectaris

69 2440 99 2488 ut
118 2432 230 2492 delirat
247 2433 403 2508 Iudaeus3
426 2434 484 2493 sed
507 2433 570 2493 iam
592 2433 726 2493 venisse
748 2447 853 2494 cre-20

69 2528 149 2588 deris
183 2530 217 2590 in
254 2547 351 2590 carne
383 2531 491 2590 Deus:
528 2531 613 2590 sicut
649 2530 818 2605 profitetur

68 2626 268 2703 christianus,
292 2636 323 2687 et
339 2628 433 2688 docet
456 2629 615 2688 catholica
631 2628 722 2688 fides
755 2629 817 2688 De·

69 2721 138 2784 iecit
159 2734 246 2784 certe
269 2726 334 2785 dux
363 2726 396 2785 in
419 2726 555 2802 Iudaea,
584 2727 681 2788 desiit
703 2728 755 2787 lex
784 2728 816 2786 in

68 2835 117 2895 ea3
142 2823 360 2882 sacerdotium
383 2824 556 2899 conticuit,
585 2826 752 2901 templum
766 2843 817 2884 ce-

68 2916 148 2993 cidit,
176 2936 312 2996 regnum
337 2921 448 2996 periit,
477 2940 559 2998 gens
581 2923 635 2982 illa
662 2923 854 2999 dissipataas

68 3024 113 3074 est
127 3034 183 3092 per
198 3018 374 3078 mundum:
390 3030 424 3079 ut
440 3030 614 3097 cognoscat
626 3031 712 3081 totus
725 3039 817 3081 mun-

68 3111 140 3188 dus,
167 3115 242 3190 quia
264 3124 298 3175 tu
322 3116 470 3176 Salvator
493 3118 609 3193 lsrael,
637 3120 817 3196 expectatio

67 3211 205 3283 gentium
229 3223 261 3273 et
283 3213 488 3274 desideratus
512 3232 623 3275 earum
646 3217 817 3277 advenisti.

70 3305 205 3369 Cessare
221 3309 319 3386 igitur
332 3311 384 3370 lex
399 3322 494 3371 vetus
509 3313 630 3388 debuit,
646 3323 816 3390 postquam

69 3421 146 3465 nova
159 3407 260 3484 gratia
275 3416 307 3466 et
322 3403 442 3468 veritas
458 3419 489 3470 te
505 3421 680 3486 apparente
697 3411 816 3472 illuxit:
827 3430 854 3470 ao

69 3506 213 3577 quoniam
236 3505 345 3565 omnis
367 3505 421 3565 illa
436 3507 568 3583 antiqua
585 3508 755 3584 institutio,
777 3511 816 3569 ad

432 3613 446 3652 a
