2128 4190
240 461 280 512 aa
298 458 470 511 [seanoues
483 458 521 501 oa
532 458 599 500 vna
610 457 645 500 er
656 457 804 500 rassroua
816 456 944 510 nomm]
961 458 999 510 {a

240 604 319 653 nent
342 593 576 653 sollicitantur:
605 592 663 651 sed
692 601 811 668 quanta
834 609 893 667 pro
916 590 999 668 ipsis

239 707 357 766 passus
388 707 460 750 sum
493 707 564 749 raro
593 688 646 749 vel
677 688 841 749 modicum
874 689 999 765 recogi-

239 798 316 848 tant.
360 787 475 847 Miseri
505 795 581 847 sunt
603 797 635 846 et
657 785 878 861 miserabiles,
905 785 997 862 pleni
1057 826 1060 835 ,

240 886 328 945 curis
350 897 382 946 et
404 885 564 962 querelis:
593 884 648 961 qui
676 884 839 944 modicum
862 900 921 959 pro
946 901 1000 943 me

216 984 303 1060 spati
325 994 480 1060 possunt3
509 984 646 1043 multum
676 992 783 1042 autem
813 998 907 1058 agere
940 998 1000 1057 pro
1059 968 1060 974 ¹

239 1098 298 1141 sua
320 1081 486 1141 voluntate
508 1080 760 1156 concupiscunt:
789 1078 868 1154 quin
896 1079 999 1139 etiam

178 1247 186 1270 s
239 1196 296 1254 pro
313 1195 373 1238 suo
389 1179 549 1254 explendo
560 1176 735 1250 desiderio,
750 1177 874 1236 nullum
890 1193 1000 1248 paene

239 1276 382 1336 laborem
398 1276 552 1335 sentiunt.
586 1275 660 1335 Heu
681 1276 763 1334 tales
786 1292 825 1334 ex
842 1275 1001 1351 passione

238 1391 311 1433 mea
342 1355 482 1434 fructum
514 1372 718 1433 salutiferum
751 1389 816 1432 non
847 1372 1002 1447 trahunt;

204 1493 229 1534 ro
238 1474 296 1533 sed
311 1481 444 1548 propter
458 1488 550 1531 suam
567 1470 699 1531 nimiam
716 1470 884 1530 mollitiem
895 1487 1000 1546 quam
1063 1534 1064 1541 χ

237 1572 276 1631 ad
299 1588 335 1631 se
358 1571 447 1646 ipsos
469 1569 605 1629 habent:
627 1585 758 1645 gravem
779 1568 905 1627 animae
922 1585 1000 1645 per·
1059 1576 1064 1637 ἶ

237 1668 356 1727 niciem
373 1667 552 1728 incurrunt.
576 1667 609 1727 Si
626 1667 712 1727 enim
728 1667 873 1744 perlecte
885 1668 1000 1728 sanari

236 1767 369 1841 vellent,
391 1776 422 1828 et
437 1785 455 1826 a
470 1767 677 1842 passionibus
693 1765 840 1826 liberari:
856 1775 922 1824 tota
938 1761 1001 1826 hu·

238 1864 372 1925 militate
395 1864 434 1923 ad
452 1881 530 1924 vera
551 1865 679 1924 animae
702 1863 846 1923 remedia
866 1863 899 1923 in
922 1881 1001 1940 pas·

203 1961 330 2026 rasione
353 1977 425 2021 mea
447 1961 635 2021 abscondita
655 1960 885 2038 confugerent3
907 1971 940 2021 et
955 1977 1000 2022 ex

237 2058 353 2119 merito
371 2069 403 2118 et
418 2058 538 2119 virtute
554 2059 717 2135 passionis
732 2076 824 2119 meae
842 2059 1001 2120 fortiores

238 2156 368 2216 lierent:
384 2168 416 2218 et
431 2157 540 2217 omnia
556 2157 716 2218 contraria
730 2157 892 2234 patienter
908 2157 1000 2218 ferre

237 2253 410 2313 discerent.
458 2255 532 2314 Non
562 2254 645 2330 sapit
674 2254 783 2331 passio
812 2271 902 2330 mea,
932 2254 1000 2315 nisi

236 2369 366 2412 morose
390 2360 421 2411 et
443 2351 569 2411 seriose
591 2369 662 2411 eam
685 2352 935 2412 meditantibus:
965 2364 1003 2413 et

200 2452 404 2513 ²oierventer
442 2449 650 2526 cupientibus
689 2450 824 2510 eandem
865 2449 1003 2512 imitari.

238 2549 373 2625 Lignum
397 2548 482 2608 vitae
503 2558 553 2608 est
568 2546 890 2623 apprehendentibus
906 2564 1001 2608 earn:

236 2646 337 2722 etqui
353 2647 437 2706 bene
453 2645 603 2722 sequitur
617 2663 700 2720 eam,
721 2645 836 2705 beatus
859 2645 893 2704 in
910 2646 1000 2707 iacto

236 2763 295 2806 suo
318 2745 389 2805 erit.
433 2744 515 2804 Nam
539 2755 571 2804 et
593 2743 625 2804 in
648 2742 812 2819 praesenti
835 2743 999 2804 maiorem

235 2843 386 2919 gratiam:
407 2842 486 2902 etin
504 2842 612 2901 futuro
628 2841 818 2916 ampliorem
835 2840 1001 2902 obtinebit

199 2959 226 3000 25
235 2941 380 3016 gloriam.

148 3067 198 3098 vox
277 3038 442 3115 Recollige
464 3054 541 3113 ergo
564 3053 683 3096 sensus
705 3045 789 3110 tuos,
811 3045 844 3095 et
859 3052 1000 3096 maneas

119 3120 225 3152 cnarsn.
236 3137 319 3211 apud
347 3145 448 3195 temet
477 3134 601 3209 ipsum:
631 3148 761 3192 omnem
788 3133 1000 3194 excludendo

160 3269 165 3274 -
234 3233 418 3292 tumultum.
463 3232 591 3292 Dehinc
622 3232 756 3291 brevem
788 3248 921 3292 assume
953 3248 1000 3293 ex

235 3330 387 3405 passione
419 3330 626 3406 particulam:
657 3339 690 3388 et
718 3328 892 3403 diligenter
921 3346 998 3391 eam

198 3427 399 3502 supercogita
432 3427 612 3486 secundum
644 3437 774 3502 tempus
806 3434 837 3485 et
868 3428 1000 3490 horam.

237 3523 326 3582 Haec
355 3523 516 3598 siquidem
547 3523 685 3598 singulis
714 3523 830 3583 diebus
859 3525 899 3584 ad
927 3541 1000 3585 me-

593 3628 634 3668 212
