2144 4194
74 451 383 506 mm
425 455 457 506 [6]
496 453 818 508 &mm

72 585 199 662 aliquam
221 604 296 648 cum
319 587 543 647 saecularibus
565 605 685 649 euram.
729 590 816 650 Non

72 696 160 745 sunt
179 685 244 745 hic
267 703 410 762 magna
435 685 609 761 palatia:
639 687 710 747 sed
733 705 817 747 cae·

72 782 186 843 lestia
206 782 376 842 solacia.
406 783 481 843 Non
503 783 556 843 hic
579 795 710 845 resonat
731 785 817 846 clan-

70 896 121 954 gor
148 880 241 940 tubae
273 889 328 940 aut
359 880 517 940 citharae:
553 881 611 941 sed
643 883 818 943 audiuntur

71 993 159 1037 voces
174 978 326 1038 caelestis
342 978 485 1039 militiae.
509 979 640 1040 Vtinam
656 980 689 1040 in
700 981 839 1058 spiritus

72 1074 183 1135 sentias
211 1087 242 1136 te
272 1076 426 1137 omnibus
454 1077 527 1136 istis
549 1077 726 1139 interesse:
756 1096 816 1139 nec

72 1171 137 1231 alibi
155 1191 253 1249 posse
275 1175 403 1234 durare.
435 1175 541 1250 Prope
563 1185 613 1235 est
634 1193 721 1235 nune
736 1177 817 1236 Ver-

73 1270 139 1329 bum
162 1272 221 1332 Dei
245 1271 294 1331 ori
317 1281 389 1331 tuo:
411 1280 536 1332 tantum
558 1282 647 1332 recto
669 1272 697 1332 si
720 1290 816 1349 quae-

72 1367 158 1428 sieris
179 1370 287 1429 eorde.
330 1369 413 1429 Nam
436 1369 603 1429 invenitur
630 1369 663 1429 in
691 1371 816 1446 gremio

73 1467 188 1527 matris:
224 1467 280 1544 qui
312 1479 387 1528 ante
416 1468 547 1528 saecula
577 1478 646 1528 erat
676 1468 709 1528 in
741 1469 815 1530 sinu
826 1485 852 1528 ta

75 1561 176 1625 Patris.
217 1563 296 1625 Tam
328 1564 531 1641 propinquus
560 1564 665 1625 factus
687 1576 737 1626 est
758 1566 814 1626 tibi

75 1658 164 1737 Deus,
178 1672 211 1723 ut
225 1661 330 1738 possit
345 1661 449 1722 teneri
465 1672 629 1738 tamquam
644 1664 816 1740 puerulus;

21 1831 22 1834 Ἴ
74 1761 181 1832 portari
203 1771 238 1821 ut
266 1759 465 1820 infantulus:
494 1760 647 1836 quoniam
669 1761 814 1821 Verbum

21 1859 22 1890 ³
74 1873 138 1917 caro
166 1858 286 1918 factum
316 1867 382 1932 est,
413 1867 445 1917 et
476 1858 632 1919 habitavit
656 1859 689 1919 in
711 1859 816 1920 nobis.

75 1952 146 2014 Ecce
168 1972 264 2032 quem
288 1964 375 2016 totus
397 1954 539 2015 mundus
566 1973 631 2015 non
654 1956 752 2031 capit:
781 1965 815 2017 ut
826 1975 850 2018 ιε

21 2041 22 2068 ¹
72 2068 181 2128 pauper
202 2053 236 2113 in
258 2053 430 2129 praesepio
452 2053 545 2114 iacet.
575 2054 613 2113 Et
635 2053 690 2130 qui
706 2053 815 2113 omnia

22 2217 23 2222 ἵ
72 2150 159 2210 verbo
180 2150 312 2211 virtutis
334 2168 413 2210 suae
435 2162 557 2226 portat:
579 2151 651 2228 ipse
673 2169 691 2211 a
713 2161 814 2212 matre

71 2259 211 2320 portatur.
253 2249 361 2326 Quem
385 2250 516 2310 laudant
538 2249 697 2309 cherubin
718 2258 814 2325 atque

71 2346 365 2421 seraphintmodico
377 2347 459 2406 lacte
470 2347 575 2407 alitur.
598 2346 686 2424 Quid
696 2348 813 2407 horum

72 2457 126 2502 non
136 2444 298 2519 mirabile3
314 2443 468 2520 quidnon
479 2444 643 2504 amabile?
665 2444 754 2521 Quid
764 2445 851 2505 visa>

72 2541 197 2615 amplius
207 2540 355 2601 habere?
377 2541 551 2618 Quomodo
561 2541 665 2616 potuit
675 2541 732 2600 tibi
742 2535 815 2618 prc-

22 2625 24 2652 '
73 2635 210 2714 pinquior
232 2648 264 2698 et
287 2637 427 2698 similior
441 2639 544 2699 esse?
580 2639 677 2699 Ecce
699 2656 741 2699 os
763 2648 814 2700 tu·

22 2785 23 2790 ,
74 2751 121 2793 um
149 2745 183 2795 et
211 2753 299 2796 caro
329 2745 407 2795 tua:
438 2736 542 2796 Deus
570 2746 660 2797 tuus
689 2736 814 2797 factus

75 2841 123 2890 est
144 2832 263 2892 frater
277 2841 377 2892 tuus.
407 2833 492 2910 Quis
503 2833 583 2893 vidit
598 2834 675 2893 huic
690 2834 814 2911 simile3

22 2909 23 2920 ¹
75 2938 118 2988 aut
130 2930 201 3006 quis
216 2929 339 2990 audivit
354 2947 507 3007 umquam
523 2931 614 2991 tale?
635 2931 704 2991 Vae
715 2931 771 2990 tibi
785 2931 813 2992 si
823 2949 851 2992 25

22 3103 23 3108 ἵ
75 3026 105 3084 ab
115 3025 164 3087 illo
174 3027 369 3088 recesseris:
385 3037 417 3088 et
427 3028 511 3087 bene
524 3028 581 3088 tibi
599 3028 626 3088 si
638 3037 704 3088 toto
716 3029 813 3090 eorde

75 3123 182 3185 adeum
199 3124 390 3186 accesseris.
412 3124 543 3208 Accede
557 3143 630 3185 cum
648 3124 765 3186 fiducia
775 3127 813 3186 ad

22 3221 24 3244 '¹
75 3220 210 3282 thronum
235 3222 357 3300 gratiae
379 3222 468 3298 eius3
496 3223 573 3300 quia
594 3223 670 3282 licet
691 3241 814 3300 pauper

76 3316 109 3376 sit
127 3320 235 3380 rebus:
258 3329 334 3380 sunt
353 3329 461 3380 tamen
477 3320 511 3380 in
526 3321 598 3396 ipso
614 3337 729 3380 omnes
744 3322 813 3381 the-

77 3416 148 3475 sauri
175 3417 353 3494 sapientiae
383 3427 415 3477 et
436 3417 593 3478 scientiae
616 3417 677 3477 Dei
701 3435 850 3480 reconeo

78 3511 131 3572 diti.
151 3514 230 3575 Para
241 3515 378 3591 proinde
389 3515 473 3576 labia
483 3517 604 3576 munda
614 3516 653 3575 ad
664 3516 813 3576 osculan-

100 3617 200 3661 Thonaea
210 3620 236 3663 K.
246 3619 330 3672 Opera.
343 3618 383 3662 111.
422 3621 448 3662 97
693 3620 705 3660 7
