2144 4194
76 463 400 516 ΘΒΣΘΒἚΘΒἛΘΒΞ
437 465 480 514 [14]
515 462 838 515 mmmmm

77 596 251 656 hominum
263 595 349 657 circa
361 605 490 656 terrena
505 605 537 656 et
552 595 721 656 sensibilia
735 595 838 672 magis

77 705 166 756 amat
180 695 380 756 conversari.
409 694 529 754 Nullus
551 703 658 754 tamen
680 693 837 753 verticem

78 793 201 853 montis
223 792 380 867 ascendit,
403 809 463 851 nec
479 791 623 851 medium
639 791 787 868 caliginis
804 791 837 850 in

79 907 144 966 qua
160 890 253 949 Deus
268 898 337 949 erat
352 888 499 949 intravit:
514 888 578 948 nisi
595 889 685 949 solus
701 889 838 965 Moyses

80 986 216 1062 speciali
238 986 340 1063 gratia
360 1004 379 1045 a
401 986 541 1046 Domino
563 997 715 1062 vocatus,
741 996 773 1047 et
799 986 861 1045 ads

79 1103 115 1145 se
138 1085 276 1145 introire
298 1084 426 1158 iussus,
448 1084 500 1144 cui
523 1084 650 1145 dicitur.
686 1082 838 1142 Ascende

80 1183 120 1241 ad
143 1199 197 1242 me
221 1182 253 1241 in
276 1192 437 1241 montem:
460 1191 492 1241 et
513 1191 583 1241 esto
605 1181 660 1240 ibi.
697 1181 840 1241 Vocatur

81 1298 140 1356 per
162 1281 315 1357 gratiam,
337 1279 484 1338 ascendit
505 1296 563 1354 per
584 1278 839 1338 oboedientiam:

82 1387 193 1437 manet
208 1394 266 1452 per
281 1375 430 1437 stabilem
445 1375 733 1450 perseverantiam.
765 1375 839 1435 Non

82 1475 214 1551 expedit
233 1473 422 1548 ascendere,
443 1473 507 1533 nisi
523 1473 755 1548 praeveniente
770 1490 839 1549 gra·
852 1491 876 1531 ro

82 1572 135 1648 tia,
159 1589 243 1648 quae
265 1581 408 1632 mentem
430 1570 469 1629 ab
492 1570 580 1630 omni
603 1569 714 1630 infima
735 1570 841 1629 delec-

83 1671 206 1731 tatione
237 1672 341 1744 levet;
376 1680 408 1728 et
439 1678 515 1729 tunc
548 1675 674 1743 oportet
704 1676 840 1727 tractum

84 1767 207 1844 gratiae
222 1767 315 1843 sequi
333 1783 437 1843 usque
453 1766 492 1826 ad
508 1765 672 1825 fruibilem
686 1765 841 1824 unionem

86 1865 160 1940 Dei,
183 1876 215 1924 et
236 1864 280 1924 ibi
303 1863 342 1924 ab
364 1863 452 1922 omni
476 1862 737 1923 consideratione
752 1861 842 1938 quie-

85 1979 198 2036 scere3
212 1961 316 2021 donec
332 1961 449 2020 iterum
466 1960 607 2020 Domino
622 1960 877 2036 praecipienten

85 2060 123 2119 ad
148 2059 291 2120 caritatis
313 2076 412 2134 opera
437 2059 663 2118 descendatur.
705 2058 789 2118 Nam
811 2067 843 2116 et

85 2157 158 2232 ipse
174 2157 311 2233 Moyses
333 2165 407 2230 post
428 2155 585 2214 diutinam
608 2172 682 2214 cum
701 2154 842 2214 Domino

86 2253 332 2329 habitationem,
361 2263 493 2328 propter
521 2252 630 2327 populi
658 2251 843 2311 instructio·

86 2369 162 2411 nem
185 2351 315 2411 iubetur
336 2350 554 2424 descendere,
583 2349 635 2408 cui
658 2365 717 2424 per
738 2357 843 2424 pasto-

7 2507 8 2512 ,
87 2449 188 2509 ralem
204 2458 351 2525 praeerat
366 2447 634 2522 sollicitudinem3
650 2458 684 2506 ut
695 2447 878 2506 ostenda-ao

87 2557 140 2605 tur
155 2546 231 2622 quia
246 2545 352 2605 omnis
368 2545 424 2621 qui
444 2545 627 2605 sublimiter
646 2562 682 2604 ac
700 2544 844 2604 suaviter

88 2645 159 2704 Deo
195 2652 306 2702 vacat:
341 2651 414 2718 post
450 2653 615 2718 expertam
651 2641 842 2701 suavitatem

89 2741 212 2801 utiliter
233 2757 269 2799 ac
292 2740 459 2800 humiliter
480 2740 519 2799 ad
542 2740 593 2816 pia
616 2757 730 2800 rursus
746 2757 844 2816 opera

89 2839 196 2899 redire
224 2839 329 2899 debet.
373 2839 411 2898 Et
432 2838 480 2897 sic
503 2839 709 2898 ascendendo
731 2855 768 2897 ac
790 2838 844 2897 de-

89 2937 275 2996 scendendo
307 2935 489 3010 profectum
521 2953 653 3011 semper
682 2936 879 3012 inveniet52s

90 3034 187 3095 itaut
209 3050 386 3110 numquam
409 3033 513 3092 otiose
531 3033 687 3093 resideat:
710 3033 767 3092 sed
790 3044 844 3092 aut

91 3132 177 3192 intus
193 3132 275 3206 Deo,
296 3140 350 3191 aut
372 3130 515 3191 exterius
536 3130 663 3190 utilitati
683 3130 844 3206 proximo·

92 3248 161 3289 rum
177 3229 331 3289 intendat.
354 3228 527 3287 Descende
544 3227 650 3303 inquit
666 3227 844 3287 Dominus:

92 3327 237 3402 peccavit
272 3326 412 3402 populus
447 3336 533 3385 tuus.
585 3325 724 3385 Devotio
760 3326 843 3401 apud

93 3425 196 3484 Deum
227 3441 303 3484 eum
334 3423 482 3483 tenebat:
518 3422 701 3498 periculum
734 3423 880 3499 populiso

93 3521 195 3582 redire
217 3521 257 3581 ad
278 3531 412 3582 externa
433 3521 575 3596 cogebat.
608 3518 765 3580 Ascendit
786 3537 845 3596 per

452 3625 487 3666 151
