2118 4186
200 417 241 468 <32
259 416 431 468 [SERMONES
444 417 482 459 DE
492 417 559 460 VITA
570 417 605 459 ET
617 416 765 460 PASSIONE
777 417 903 470 ooltltu]
921 419 964 470 ,Υῷ

202 549 278 610 tiam
295 551 469 611 multarum
485 550 728 612 tribulationum
740 568 798 627 pro
808 551 962 613 Christo:

201 664 293 724 spem
317 650 495 709 habeamus
517 659 549 710 et
569 649 719 710 fiduciam
735 659 893 726 perpetue
911 667 962 709 re-

200 746 319 822 gnandi
336 765 408 807 cum
426 747 508 823 ipso.
531 746 727 807 Studeamus
743 764 830 807 nunc
846 747 878 807 in
895 749 961 807 hoc

200 854 313 904 sancto
343 856 374 904 et
403 846 486 906 laeto
515 854 661 920 tempore
690 844 723 904 in
750 861 855 905 novae
881 862 962 904 con-

178 942 396 1002 sversationis
412 942 611 1003 desiderium
628 959 816 1020 resurgere:
835 953 959 1003 etcum

201 1039 361 1114 spirituali
376 1041 493 1115 gaudio
509 1042 622 1101 laudes
639 1043 709 1102 Deo
725 1041 872 1101 iubilare.
897 1041 961 1100 Po·

201 1148 274 1197 tens
296 1148 346 1198 est
368 1138 455 1199 enim
480 1139 635 1200 Christus
661 1156 723 1199 nos
748 1137 887 1213 amplius
912 1138 962 1198 iu-

200 1252 295 1295 vare:
332 1246 364 1295 et
394 1236 427 1295 in
459 1237 611 1297 caelestis
641 1236 726 1297 vitae
757 1234 959 1295 desiderium

202 1332 383 1393 ferventius
404 1334 616 1395 inflammare.

166 1449 191 1490 ro
241 1430 404 1492 Obscurat
431 1443 539 1493 autem
569 1433 746 1493 claritatem
780 1431 854 1492 festi
883 1449 960 1506 pas-

201 1529 303 1589 chalis
316 1529 516 1607 quicumque
531 1532 571 1591 ad
586 1548 679 1591 esum
691 1529 837 1590 carnium
854 1529 960 1605 magis

201 1628 340 1703 anhelat,
362 1646 458 1704 quam
481 1630 520 1707 ad
541 1628 869 1689 communicationem
885 1644 959 1702 pre-

200 1725 274 1784 tiosi
298 1727 444 1803 corporis
460 1727 602 1789 Christi:
625 1728 664 1786 in
687 1743 764 1803 quo
788 1724 881 1785 lons
904 1734 959 1784 to·

200 1823 292 1884 tius
322 1826 571 1887 suavitatis
602 1836 634 1886 et
662 1823 797 1885 refectio
829 1823 958 1882 animae

167 1923 394 1984 recontinetur.
438 1924 602 2000 Quoniam
631 1923 762 2000 quidem
792 1920 864 1980 sine
892 1922 959 1980 hoc

200 2021 420 2081 sacratissimo
459 2022 531 2081 cibo
569 2021 664 2097 inops
701 2029 752 2079 est
789 2029 821 2078 et
858 2017 958 2094 arida,

201 2119 308 2178 omnis
330 2136 443 2180 mensa
465 2119 575 2180 divitis
596 2119 682 2178 laute
704 2127 822 2194 parata.
866 2116 960 2177 Sicut

200 2216 287 2276 enim
317 2217 433 2277 melior
461 2226 512 2276 est
542 2216 649 2276 anima
680 2215 767 2275 omni
800 2232 958 2291 corpore:

200 2314 243 2374 ita
272 2313 428 2375 Christus
456 2314 511 2391 qui
541 2323 592 2374 est
620 2313 713 2373 cibus
743 2311 872 2372 animae
903 2328 959 2371 ex·

163 2411 287 2471 aocellit
316 2428 446 2471 omnem
476 2429 626 2488 saporem
649 2411 682 2470 in
705 2409 874 2470 suavitate.
920 2409 959 2469 Et

200 2510 349 2585 quamvis
377 2510 440 2569 iarn
470 2518 602 2585 propter
629 2507 822 2567 Dominicae
849 2524 959 2567 resur-

200 2607 355 2667 rectionis
377 2607 629 2668 sollemnitatem
649 2605 789 2682 amplius
809 2604 852 2665 sit
869 2606 959 2664 exul·

199 2705 349 2779 tandum,
378 2715 409 2765 et
436 2706 591 2766 meliores
617 2704 680 2764 cibi
705 2703 859 2764 licentius
881 2720 960 2763 con-

200 2803 371 2878 cedantur;
407 2803 503 2863 debet
533 2813 641 2863 tamen
674 2819 754 2862 usus
785 2801 984 2876 epularum·

151 2914 274 2960 ‘messe
302 2900 558 2960 moderatus:
588 2909 620 2960 et
648 2917 721 2959 cum
749 2899 867 2959 timore
896 2899 958 2959 Dei

199 2998 361 3073 appetitus
390 2997 497 3058 carnis
527 2996 696 3056 refrenari.
740 2997 825 3056 Hoc
849 2997 958 3056 enim

199 3096 359 3172 prodest
380 3094 559 3171 corporis
581 3103 617 3154 et
638 3094 787 3153 animae
809 3094 959 3154 saluti:

200 3203 232 3253 et
259 3193 363 3269 aptior
392 3193 427 3253 lit
448 3196 546 3253 homo
568 3193 607 3252 ad
630 3193 742 3252 laudes
766 3191 838 3250 Dei.
883 3192 959 3251 Non

199 3307 276 3366 ergo
291 3301 323 3350 te
339 3291 446 3350 vincat
464 3289 730 3365 concupiscentia
751 3288 876 3348 camis:
899 3291 959 3348 sed

162 3404 258 3462 soper
284 3387 491 3447 devotionem
521 3385 641 3446 mentis
663 3386 758 3446 vince
780 3385 813 3444 in
837 3385 958 3446 virtute

200 3485 340 3561 Spiritus
369 3485 488 3559 sancti,
518 3484 675 3561 quidquid
702 3483 881 3560 corporalis
903 3483 959 3542 de·

557 3588 599 3630 zac
