2118 4186
65 369 471 466 mammona]
505 413 827 468 [mamaeam

66 545 151 621 gelis
166 546 360 607 canentibus
374 546 540 608 intrabunt
555 548 650 608 electi
666 548 700 608 in
715 559 826 609 sancta

66 652 275 704 sanctorum:
299 653 451 706 tenentes
473 646 597 722 palmas
619 645 653 704 in
675 646 825 706 manibus

65 750 99 800 et
121 742 289 818 lampades
311 744 462 804 ardentes
484 745 557 804 oleo
579 743 703 819 plenas.
734 742 824 802 Tunc

65 839 229 915 recipient
266 840 385 918 singuli
421 841 565 918 praemia
600 852 732 900 aeterna
767 858 824 916 pro

65 937 234 998 laboribus
250 947 281 998 et
297 939 423 1000 meritis
438 940 523 1000 suis:
544 938 687 1000 contenti
703 938 848 1014 optimes

65 1035 100 1095 in
117 1035 344 1096 mansionibus
359 1056 377 1096 a
393 1038 463 1098 Deo
480 1038 541 1097 sibi
557 1038 686 1114 paratis.
710 1037 824 1097 Passio

64 1141 177 1193 autem
207 1150 290 1209 quae
319 1135 565 1210 processionem
592 1135 741 1212 sequitur
762 1136 824 1195 hoc

65 1231 207 1306 indicat3
235 1232 311 1307 quia
339 1248 398 1307 per
426 1249 556 1293 crucem
584 1245 616 1293 et
637 1235 823 1310 passionem

66 1329 214 1404 Christi,
241 1341 274 1390 et
300 1347 358 1405 per
380 1331 497 1391 multas
519 1332 745 1392 tribulationes
767 1349 824 1408 pro

65 1428 223 1504 Christo,
253 1427 306 1486 via
335 1428 430 1488 nobis
462 1430 660 1490 ostenditur:
692 1448 756 1507 qua
786 1431 825 1490 ad
837 1448 861 1488 ro

66 1542 205 1602 regnum
224 1524 284 1585 Dei
307 1535 380 1601 post
402 1535 540 1586 mortem
556 1529 756 1603 pervenitur.
788 1529 824 1587 In

65 1641 134 1700 quo
150 1641 224 1683 cum
242 1622 377 1684 Christo
393 1623 426 1683 in
442 1635 610 1685 aeternum
626 1626 825 1702 gaudebunt:

65 1719 124 1797 qui
141 1737 229 1780 nunc
244 1719 431 1796 passionem
447 1721 519 1781 eius
531 1723 647 1784 devote
663 1723 826 1799 recolunt3

66 1836 109 1878 ex
133 1819 360 1894 compassione
380 1831 530 1898 gemunt:
553 1838 592 1881 ex
608 1838 718 1882 amore
733 1821 826 1881 lacri-

66 1934 140 1976 mas
164 1916 319 2004 lundunt3
342 1936 382 1979 ex
404 1919 584 1980 imitatione
606 1935 737 1978 carnem
761 1936 825 1977 ma·
837 1939 861 1979 15

65 2024 191 2090 cerant,
205 2033 268 2090 pro
283 2016 457 2092 gratiarum
474 2017 601 2076 actione
617 2033 732 2092 preces
747 2016 826 2076 offe-

65 2123 161 2173 runt:
183 2113 302 2173 missas
324 2114 464 2174 libenter
480 2114 625 2189 audiunt,
647 2132 721 2174 cum
737 2125 825 2174 metu

65 2223 98 2271 et
120 2211 306 2272 reverentia
321 2212 502 2287 celebrant3
525 2230 542 2271 a
557 2212 650 2272 vanis
666 2223 698 2272 et
713 2212 827 2272 otiosis

65 2309 250 2372 abstinent:
272 2309 401 2370 divinae
422 2310 544 2386 gratiae
566 2326 624 2386 per
646 2309 753 2369 cordis
773 2327 827 2369 cu·

64 2406 207 2468 stodiam
242 2425 278 2468 se
309 2419 517 2484 praeparant3
553 2418 586 2469 et
620 2408 653 2468 in
685 2425 861 2469 comme-ao

64 2505 251 2566 moratione
281 2505 445 2581 passionis
477 2505 603 2567 Christi
639 2508 754 2567 sedule
790 2524 826 2566 ac

65 2605 162 2665 triste
185 2603 370 2664 meditando
393 2605 542 2681 legendo,
564 2603 750 2679 laborando,
774 2621 826 2663 su·

65 2702 222 2762 stinendo
251 2702 304 2777 pie
333 2699 366 2758 in
396 2716 435 2759 eo
464 2699 607 2760 animum
631 2702 826 2762 exercitant:

66 2810 102 2860 ut
125 2798 252 2861 Christi
282 2797 491 2874 passionibus
519 2798 552 2857 in
574 2799 737 2874 praesenti
760 2816 827 2859 me-

66 2897 205 2958 dullitus
241 2896 454 2971 conformati,
489 2896 522 2955 in
560 2897 668 2957 futuro
705 2898 862 2958 celsiusas

64 2993 301 3073 glorificentur.
325 2995 411 3056 Cum
428 2994 516 3054 enim
532 2995 660 3055 venerit
671 2996 826 3057 Christus

66 3109 281 3152 remunerare
312 3093 440 3152 labores
471 3092 617 3152 omnium
647 3094 825 3153 electorum

65 3206 221 3250 suorum:
251 3199 328 3249 tunc
355 3207 471 3250 omnes
493 3191 656 3267 absterget
677 3191 826 3251 lacrimas

65 3290 106 3348 ab
144 3287 249 3347 oculis
285 3304 408 3348 eorum.
462 3289 634 3348 Processio
670 3304 826 3363 praesens

66 3386 203 3444 brevem
234 3384 331 3446 habet
363 3386 534 3446 laetitiam:
569 3387 627 3446 sed
658 3386 862 3462 processioao

68 3483 179 3543 lutura
202 3492 388 3544 sanctorum
411 3500 590 3561 perennem
613 3483 737 3560 optinet
759 3483 826 3541 lau-

428 3589 465 3631 271
