2122 4196
234 465 274 516 &³
307 461 476 507 MEDlTATIO
492 463 531 505 DE
547 461 777 505 INCARNATIONE
792 462 919 505 CHRISTI
954 463 999 515 Kc>

234 597 443 659 aeternitatis,
461 598 497 656 In
508 597 627 674 quibus
638 597 998 673 planeverbis‚utrius-
1043 634 1044 680 p

235 713 298 773 que
327 695 504 756 nativitatis
535 706 609 755 tuae
640 695 825 755 contexitur
851 695 998 756 veritas:

235 794 312 853 dum
341 810 427 852 unus
456 810 611 869 egressus
639 803 793 853 aeternus
822 809 863 853 ex
886 793 999 868 Patre,

235 891 316 952 alter
345 889 534 966 temporalis
566 907 606 950 ex
637 900 739 952 matre
772 892 998 953 denuntiatur.

137 1019 225 1051 mna-
236 989 390 1049 Habacuc
410 989 568 1064 propheta
583 1005 683 1065 super
700 990 881 1049 custodiam
897 1008 996 1050 suam
1044 1017 1045 1066 p

150 1072 212 1105 cve·
236 1096 298 1147 stat
320 1095 351 1147 et
372 1087 507 1163 gradum
530 1085 613 1163 ligit3
642 1096 677 1146 ut
699 1087 806 1147 audiat
828 1087 906 1164 quid
931 1087 997 1148 sibi

237 1187 277 1246 de
300 1185 418 1245 futuris
434 1185 574 1244 dicatur:
597 1202 633 1244 ac
656 1195 688 1244 te
710 1185 744 1245 in
759 1203 857 1246 cruce
877 1203 999 1262 specu-

237 1285 331 1344 letur.
374 1283 460 1359 Quia
482 1283 588 1342 adhuc
617 1282 722 1359 inquit
745 1283 838 1342 visus
862 1284 998 1359 procul:

237 1390 268 1440 et
290 1379 456 1456 apparebit
478 1380 510 1440 in
534 1380 643 1454 linem,
665 1391 697 1440 et
719 1398 783 1441 non
806 1381 998 1443 mentietur.
1045 1371 1046 1448 Ϊ

204 1479 271 1543 roSi
303 1496 426 1539 moram
459 1479 593 1554 lecerit,
626 1489 761 1556 expecta
791 1497 886 1539 eum:
919 1481 999 1556 quia

237 1577 375 1637 veniens
404 1577 515 1637 veniet
543 1586 574 1637 et
603 1594 669 1637 non
697 1577 844 1638 tardabit.
887 1578 928 1638 Et
956 1578 998 1637 de

237 1675 390 1753 passione
419 1685 474 1735 tua
495 1675 552 1735 sic.
596 1675 758 1751 Splendor
785 1675 857 1734 eius
881 1685 917 1735 ut
941 1677 999 1735 lux

238 1773 315 1834 erit:
344 1791 466 1833 cornua
495 1773 528 1833 in
551 1773 701 1833 manibus
726 1773 807 1833 eius.
851 1772 897 1833 lbi
922 1774 999 1833 abs-

237 1871 366 1932 condita
394 1881 444 1931 est
473 1871 627 1932 fortitudo
655 1871 742 1931 eius:
771 1880 845 1931 ante
875 1871 997 1931 faciem
1046 1867 1047 1892 ³

203 1970 309 2036 rseius
331 1969 388 2030 ibit
410 1986 508 2029 mors.
552 1969 713 2045 Egressus
735 1985 771 2028 es
795 1968 828 2027 in
853 1968 996 2029 salutem

237 2066 346 2143 populi
370 2066 432 2127 tui:
455 2066 488 2125 in
510 2067 649 2126 salutem
672 2083 745 2126 cum
769 2065 904 2127 Christo
928 2076 997 2126 tuo.

239 2165 303 2225 Iste
325 2181 402 2240 prae
418 2163 537 2224 ceteris
552 2164 721 2240 prophetis
739 2163 926 2240 specialiter
942 2181 998 2224 ex·

238 2262 348 2338 primit
379 2261 606 2322 dulcissimum
636 2278 756 2322 nomen
785 2271 877 2322 tuum
906 2262 997 2338 quod
1047 2259 1048 2262 ’

239 2372 289 2422 est
303 2378 404 2437 super
418 2377 516 2421 omne
531 2377 665 2420 nomen:
682 2361 725 2421 ita
740 2361 903 2437 inquiens.
929 2361 998 2437 Ego

202 2469 346 2526 20autem
377 2459 409 2518 in
433 2457 575 2517 Domino
596 2459 760 2534 gaudebo:
789 2467 821 2518 et
843 2459 997 2519 exultabo

239 2559 273 2618 in
296 2558 367 2616 Deo
391 2557 465 2616 lesu
488 2573 572 2616 meo.

128 2700 230 2732 -sorno-
280 2656 463 2730 Sophonios
485 2655 735 2716 consolatoriam
758 2654 837 2715 texit
856 2657 998 2730 prophe·

143 2753 213 2786 ans·
239 2755 333 2815 tiam:
370 2762 401 2814 et
432 2754 470 2813 ad
502 2752 680 2829 spiritalem
715 2751 869 2812 laetitiam
901 2751 999 2829 erigit

240 2862 395 2926 mentem,
417 2852 512 2928 longa
534 2850 758 2926 expectatione
780 2850 843 2909 iam
863 2849 998 2909 lessam.

204 2951 375 3018 25Laetare
397 2949 502 3026 inquit
522 2949 587 3008 lilia
602 2948 692 3024 Sion,
713 2948 813 3007 iubila
827 2957 862 3007 tu
879 2947 999 3007 Israel:

241 3050 361 3108 laetare
383 3056 415 3107 et
437 3048 545 3106 exulta
559 3046 592 3106 in
609 3046 696 3106 omni
713 3045 811 3104 corde
827 3044 892 3104 lilia
909 3044 998 3104 leru-

241 3147 352 3207 salem.
379 3147 447 3206 Rex
464 3145 564 3205 lsrael
581 3144 742 3204 Dominus
760 3144 793 3203 in
809 3143 917 3203 medio
933 3145 997 3204 tui:

241 3245 312 3321 ipse
334 3243 480 3304 salvabit.

137 3352 232 3439 ὦζε,
281 3342 568 3418 Aggaeusquoque
579 3339 745 3417 praedixit.
765 3337 882 3399 Adbuc
894 3356 995 3399 unum

204 3440 406 3508 aomodicum
429 3449 488 3515 est,
511 3449 542 3498 et
558 3455 617 3515 ego
633 3436 846 3496 commovebo
869 3437 995 3496 caelum

243 3548 274 3599 et
293 3548 423 3612 terram,
445 3547 476 3596 et
491 3552 580 3595 mare
596 3544 627 3594 et
642 3533 781 3608 aridam3
803 3542 835 3594 et
857 3535 996 3593 movebo

607 3639 634 3680 22
