2128 4190
217 424 257 475 aa
275 422 447 474 [sermones
460 421 917 474 uevnnerrnssroneoonmr]
935 423 978 474 lm
1052 393 1053 398 ¹

219 555 415 618 adversariis
437 556 523 619 suis:
553 555 708 618 Christus
729 557 865 616 vulnera
886 555 977 616 latis-

219 653 301 713 sima
323 654 356 714 in
379 655 528 716 manibus
550 654 621 714 suis
635 654 770 730 accepit,
793 654 976 714 informans

218 768 334 812 omnes
356 753 395 812 ad
417 753 502 813 bona
523 752 647 829 agenda
661 763 693 813 et
708 752 792 812 mala
807 751 976 828 patienda;

219 849 294 926 quia
324 866 383 925 pro
414 850 564 910 maximis
595 849 695 911 lucris
726 858 908 926 reputatur:
946 849 974 908 si
1052 921 1053 924 Ἴ

195 947 292 1023 aquis
320 947 459 1007 aemulis
487 947 557 1007 suis
583 964 649 1007 non
675 947 829 1008 talionem
851 946 976 1006 vindic-

217 1055 286 1118 tae,
308 1044 366 1104 sed
388 1045 545 1105 orationis
567 1061 687 1105 munus
710 1043 868 1120 rependit.
910 1043 976 1106 Ca·

217 1159 295 1202 veas
325 1158 402 1218 ergo
430 1144 528 1203 homo
559 1143 756 1218 paupercule
789 1141 912 1218 iragilis
946 1152 978 1202 et

218 1239 351 1299 vitiose:
373 1256 415 1299 ne
437 1240 579 1317 aliquem
602 1241 711 1301 laedas
732 1241 784 1301 vel
801 1240 978 1301 contristes

218 1337 318 1396 verbo
340 1337 473 1397 sinistro
495 1338 548 1398 vel
570 1354 669 1414 opere
691 1355 808 1414 pravo,
830 1354 888 1414 pro
910 1354 977 1414 quo

184 1455 208 1496 ro
219 1433 374 1494 Christus
390 1451 507 1511 passus
523 1444 573 1495 est
587 1446 619 1495 et
635 1445 798 1512 mortuus3
813 1435 890 1512 quia
903 1452 977 1510 pre·
1052 1439 1053 1508 ξ

219 1531 301 1592 tiosa
323 1541 373 1592 est
394 1532 427 1592 in
450 1544 628 1610 conspectu
650 1533 722 1593 eius
745 1533 853 1594 omnis
868 1533 978 1594 anima

218 1645 301 1705 quae
323 1629 356 1688 in
379 1646 453 1690 eum
476 1630 616 1692 fideliter
631 1631 749 1692 credit:
773 1642 805 1692 et
827 1630 978 1691 mandata
1052 1619 1053 1626 '

218 1726 290 1786 eius
321 1727 481 1788 veraciter
511 1729 661 1790 custodit.
710 1730 834 1789 Iustum
866 1737 975 1788 autem

218 1833 269 1884 est
297 1834 331 1884 ut
360 1824 400 1884 de
428 1826 575 1900 proximo
604 1838 659 1887 tuo
686 1826 770 1886 bene
799 1826 921 1886 sentias
945 1836 977 1886 et

185 1947 209 1987 rs
219 1922 354 1982 meliora
375 1939 506 2000 speres;
528 1925 604 2001 quia
625 1925 677 1984 vel
700 1924 774 1985 talis
789 1924 853 1984 iam
869 1924 976 1983 bonus

218 2030 284 2080 est:
306 2021 359 2081 vel
377 2037 435 2096 per
449 2020 583 2097 gratiam
600 2021 663 2081 cito
678 2020 841 2081 meliorari
859 2031 975 2098 potest.

218 2116 266 2177 Tu
288 2134 365 2194 ergo
387 2119 524 2178 ostende
546 2119 711 2180 caritatem
734 2127 766 2179 et
786 2136 862 2196 roga
877 2117 973 2179 etiam

219 2217 325 2275 Deum
345 2215 491 2291 Patrem3
513 2227 548 2277 ut
569 2233 666 2293 quem
688 2233 776 2276 nunc
799 2217 901 2277 habes
921 2217 975 2276 ad·

217 2313 413 2373 versarium:
429 2314 568 2390 recipias
583 2314 700 2375 iterum
719 2313 850 2374 fratrem
865 2329 974 2373 emen-

182 2410 338 2476 aodatum.
370 2410 403 2470 Si
427 2421 535 2471 autem
557 2411 614 2472 tibi
637 2411 764 2486 nocuit;
786 2411 918 2488 indulge
934 2427 974 2470 ex

219 2509 316 2568 corde
338 2518 469 2584 propter
490 2527 633 2570 amorem
658 2510 732 2569 lesu
754 2508 896 2569 Christi:
919 2508 973 2585 qui

218 2606 251 2664 in
278 2605 390 2665 multis
416 2605 472 2665 tibi
496 2606 650 2682 pepercit.
694 2607 768 2683 lpse
790 2606 877 2666 enim
901 2606 974 2682 pius
1050 2681 1051 2688 ἵ

219 2713 250 2764 et
265 2703 453 2764 misericors
469 2703 620 2763 omnibus
637 2704 713 2780 iuit3
733 2721 894 2780 pauperes
909 2721 973 2764 non

219 2800 376 2876 despexit,
392 2802 540 2877 leprosos
555 2818 619 2861 non
636 2801 817 2862 abhorruit:
832 2802 972 2862 debilem

182 2915 283 2966 25non
302 2897 425 2973 derisit,
447 2898 573 2959 tristem
590 2898 748 2975 delinivit,
769 2899 887 2959 iratum
910 2900 973 2975 pla-

218 2995 318 3071 cavit,
347 3012 538 3072 perversum
561 2995 727 3070 toleravit,
755 2996 972 3072 paenitentem
1049 3059 1050 3064 ,

219 3093 379 3169 suscepit:
402 3104 564 3153 errantem
580 3093 743 3168 instruxit,
764 3093 972 3154 innocentem

220 3191 383 3267 deiendit3
414 3191 619 3251 vacillantem
651 3190 864 3266 confortavit,
895 3193 973 3252 cari·

219 3298 317 3349 tatem
346 3290 385 3349 ad
414 3305 529 3349 omnes
555 3287 713 3348 ostendit:
743 3298 775 3348 et
796 3290 883 3365 quod
909 3308 973 3350 am·

183 3387 305 3463 aoplius
328 3396 378 3447 est
399 3386 593 3462 mirandum,
614 3372 717 3462 plagis
737 3396 769 3446 et
782 3388 972 3450 vulneribus

220 3502 397 3562 percussus
413 3486 451 3544 ab
467 3485 613 3546 oratione
628 3502 693 3545 non
710 3485 860 3554 cessavit.
891 3485 972 3546 Ecce
