2122 4196
227 427 267 478 ω
299 425 467 469 ΜΕΒΠΑΤΙΟ
484 426 522 468 DE
539 427 769 470 INCARNATIONE
786 428 912 471 CHRISTI
948 431 992 482 ὢ
1045 424 1049 485 Ξ

229 561 466 636 perhibendum
495 561 551 622 tibi
583 561 806 621 testimonium
836 561 993 623 ministra
1045 556 1049 629 1

230 658 299 718 luit.
343 659 429 718 Huic
458 660 656 719 concordant
685 677 784 719 voces
814 661 992 736 propheta·
1045 702 1050 751 ι

228 774 317 816 rum:
347 757 401 833 qui
431 758 605 817 adventum
630 768 721 818 tuum
751 758 992 834 praesciente5‚
1046 755 1055 814 ἴ,

228 855 299 914 dies
321 855 442 932 gratiae
464 855 497 914 in
523 855 641 931 quibus
671 864 795 915 stamus
824 873 992 931 praenun·
1046 839 1055 953 y]

205 953 358 1013 stiarunt.

151 1081 218 1113 nov-
271 1051 993 1127 DicitnamqueMoyseslegislatoretdoctor
1054 1105 1055 1112 ,

161 1134 212 1166 sas·
230 1150 339 1226 populi
353 1150 464 1225 lsrael,
475 1150 697 1210 testimonium
710 1148 865 1208 credibile
876 1148 992 1209 nimis
1046 1164 1052 1249 y

231 1249 426 1324 Prophetam
456 1248 496 1307 de
518 1258 614 1323 gente
636 1257 691 1307 tua
714 1246 808 1307 etde
831 1245 993 1306 iratribus
1054 1299 1055 1318 ,

229 1347 311 1407 tuis:
340 1346 425 1406 sicut
446 1363 516 1422 me,
545 1345 714 1406 suscitabit
732 1345 799 1405 'tibi
823 1345 992 1405 Dominus
1046 1260 1055 1419 Ι

196 1467 220 1506 ro
231 1446 322 1504 Deus
332 1455 417 1504 tuus.
435 1444 517 1503 liudi
529 1445 648 1520 populo
659 1444 827 1503 locuturus
839 1443 994 1520 Moyses,
1047 1424 1055 1522 l

231 1542 424 1618 simpliciter
445 1551 476 1601 te
499 1542 689 1617 prophetam
712 1540 907 1601 nominavit:
932 1542 992 1618 qui
1048 1578 1053 1641 Ι

232 1641 380 1701 fortassis
402 1640 499 1700 altius
521 1639 561 1698 de
582 1647 615 1698 te
637 1655 753 1714 capere
768 1654 889 1697 nomen
911 1655 993 1698 nec·
1048 1644 1053 1703 Ι

231 1740 307 1799 dum
330 1739 468 1798 idoneus
490 1739 726 1799 inveniebatur.
769 1739 866 1816 Quod
889 1739 992 1800 etiam
1049 1740 1053 1831 l

231 1854 271 1896 ex
301 1835 469 1913 evangelio
499 1838 578 1897 satis
607 1837 785 1914 colligitur,
817 1837 871 1896 ubi
902 1837 993 1899 lacto

197 1934 325 2010 resigno
361 1934 401 1994 de
437 1935 582 2012 quinque
617 1936 754 2011 panibus
790 1945 822 1994 et
857 1936 991 1996 duobus
1049 1894 1055 2006 Ι

230 2033 387 2109 piscibus
409 2051 472 2093 vox
487 2033 597 2110 populi
612 2033 686 2093 talis
709 2033 888 2093 ferebatur:
911 2033 994 2108 quia

232 2131 285 2190 hic
307 2140 357 2190 θεῖ
379 2148 456 2190 vere
479 2132 651 2207 propheta,
678 2130 733 2207 qui
756 2140 914 2190 venturus
939 2140 993 2190 est

232 2230 266 2289 in
288 2229 455 2289 mundum.
486 2228 555 2289 Nos
570 2245 648 2288 vero
665 2227 794 2288 certiori
818 2228 881 2287 iam
903 2229 994 2287 veri-

232 2337 296 2387 tate
319 2336 350 2386 et
372 2326 477 2386 altiori
493 2326 660 2386 intellectu
677 2325 751 2385 fidei
767 2325 898 2385 imbuti:
921 2343 992 2386 non

195 2426 339 2485 aosolum
368 2425 576 2500 prophetam,
607 2424 665 2482 sed
694 2433 726 2483 θῖ
748 2422 926 2482 Dominum
959 2433 993 2484 te

232 2524 462 2604 prophetarum
485 2537 666 2596 verumque
683 2519 743 2579 Dei
761 2519 873 2595 lilium,
896 2537 994 2581 vera-

232 2621 313 2680 citer
328 2619 522 2680 confitemur
537 2627 568 2678 et
584 2618 758 2678 credimus.
782 2617 851 2678 Nec
867 2617 992 2679 mirum

232 2719 259 2778 si
283 2719 329 2779 illi
353 2718 472 2794 populo
494 2717 595 2776 multa
616 2733 674 2792 per
690 2716 831 2792 Moysen
854 2731 992 2776 servum

233 2827 323 2878 tuum
335 2817 485 2891 obscure,
500 2824 532 2875 et
546 2815 641 2875 nobis
657 2823 761 2890 perte
777 2813 883 2888 ipsum
895 2813 995 2888 plura

196 2914 440 2974 asmanilestius
472 2913 518 2973 sis
550 2913 697 2973 locutus:
728 2911 804 2988 quia
833 2911 880 2970 sic
913 2929 994 2973 con-

232 3013 366 3089 gruebat
388 3011 493 3072 ordini
516 3010 668 3085 iustitiae,
691 3009 738 3069 sic
761 3010 823 3086 legi
846 3009 993 3086 denique

233 3121 264 3171 et
285 3110 415 3187 gratiae.
446 3109 508 3169 Hic
530 3109 639 3184 itaque
655 3108 802 3184 MoyseS,
825 3105 993 3168 desiderio

233 3209 392 3269 adventus
421 3208 484 3283 tui,
512 3206 616 3266 oravit
644 3214 676 3265 et
704 3203 793 3264 dixit.
839 3202 992 3264 Obsecro

234 3306 391 3366 Domine:
413 3305 504 3365 mitte
527 3320 625 3381 quem
646 3302 810 3362 missurus
832 3318 878 3361 es,

197 3423 223 3464 ao
275 3404 339 3463 Iste
355 3413 405 3464 est
420 3403 557 3479 Moyses
573 3401 627 3478 qui
648 3401 687 3460 ad
703 3399 888 3459 liberandos
906 3398 993 3459 lilios

235 3502 345 3576 lsrael,
367 3501 400 3560 in
422 3498 606 3577 Aegyptum
630 3497 793 3574 dirigitur:
816 3496 867 3556 cui
891 3496 990 3557 etiam

600 3604 625 3643 ro
