2118 4186
80 435 245 487 ww
276 435 334 477 VAN
350 435 478 478 GOEDEN
495 436 647 478 WOERDEN
678 437 838 490 fflmffi

80 569 237 628 woerden
253 587 294 629 en
309 571 358 629 sal
371 587 445 630 men
474 587 582 646 neque
592 570 728 630 ulterius
737 588 839 630 enun-

81 669 346 744 nyetghelouen,
361 670 446 728 noch
476 667 583 728 tianda
605 677 691 727 sunt.

81 782 144 825 oec
173 776 265 827 voert
293 768 447 844 segghen.

124 845 283 940 Swighen
301 865 385 924 ende
402 866 448 942 ly·
517 864 638 925 Tacere
655 875 687 925 et
698 863 773 942 pati,
789 883 838 925 ac-

81 963 169 1037 den,
206 964 314 1022 maket
349 963 449 1022 vrede
477 963 576 1040 quirit
591 981 703 1040 pacem
717 974 749 1024 et
765 963 862 1024 lacits

81 1061 169 1120 ende
182 1061 257 1120 doet
270 1060 449 1121 verbliden.
478 1060 642 1122 laetitiam.
674 1061 838 1139 Quamdiu

82 1159 166 1219 Also
189 1159 306 1234 langhe
329 1160 377 1218 als
393 1159 448 1234 ghi
478 1158 605 1234 vivitis,
638 1160 764 1220 debetis
795 1159 840 1219 di-

82 1258 184 1331 leuet,
206 1273 243 1316 so
259 1256 341 1316 seldi
358 1257 448 1316 leren
478 1273 571 1317 scere
586 1258 662 1334 pati,
677 1258 840 1318 modicum

82 1356 202 1432 lyden,
235 1355 326 1415 luttel
360 1371 449 1430 spre·
479 1357 587 1432 loqui,
653 1356 842 1432 frequenter

83 1456 161 1529 ken,
177 1455 259 1513 vake
270 1453 386 1528 beden,
397 1452 450 1512 die
479 1471 582 1529 orare,
604 1453 752 1513 infirmos
767 1453 876 1512 sub-10

84 1552 251 1610 crancken
296 1550 450 1626 draghen,
479 1552 598 1626 levare,
616 1551 719 1611 malos
729 1551 841 1611 vitare.

84 1650 151 1709 den
174 1648 301 1724 quaden
323 1649 450 1724 wyken.
481 1649 648 1709 Modicum
662 1648 783 1723 subire,
799 1647 842 1707 fa·

85 1747 194 1807 Luttel
231 1746 333 1806 onder
363 1764 451 1823 wyn·
481 1748 523 1807 cit
538 1747 672 1806 multam
689 1746 842 1823 quietem.

85 1844 452 1920 dens,maketvelevre-
482 1844 611 1904 Nullam
655 1843 842 1920 dignitatem

84 1942 156 2001 des,
172 1940 452 2002 Ghenehoecheit
481 1959 649 2019 quaerere,
664 1958 772 2019 neque
787 1943 843 2001 ho·
855 1959 879 1999 15

87 2041 227 2114 sueken,
237 2041 322 2099 noch
335 2057 391 2100 eer
399 2041 452 2099 be·
482 2057 594 2101 norem
611 2039 774 2114 affectare,
792 2040 844 2100 via

86 2139 224 2214 gheren,
239 2137 267 2196 is
278 2138 330 2198 die
341 2138 453 2198 rechte
483 2139 670 2198 rectaestad
679 2148 843 2198 aeternam

87 2237 183 2295 wech
214 2245 268 2295 ten
305 2235 590 2312 ewighemvitam.

88 2333 199 2392 leuen.

131 2412 193 2491 Set
226 2448 320 2491 uwen
352 2440 455 2490 troest
534 2431 649 2491 Ponite
695 2430 881 2490 liduciamm

89 2529 176 2589 ende
199 2530 283 2605 hope
313 2529 345 2588 in
372 2529 454 2605 gode
483 2539 624 2589 vestram
648 2537 678 2588 et
698 2545 789 2604 spem
813 2529 845 2588 in

89 2628 217 2702 alleen,
265 2636 346 2686 west
388 2635 455 2686 oet·
485 2627 555 2686 Deo
567 2627 647 2686 solo.
666 2627 776 2686 Estote
788 2627 846 2685 hu-

90 2724 222 2784 modich
246 2723 329 2783 ende
351 2723 455 2783 barm·
485 2725 580 2784 miles
610 2734 641 2784 et
663 2724 847 2784 misericor·

91 2821 455 2882 hertichtottenarmen
484 2822 542 2882 des
574 2822 607 2882 in
643 2821 783 2882 miseros
814 2821 847 2880 in

91 2920 140 2979 int
161 2921 333 2996 ghemeen.
372 2921 456 2979 Doet
485 2936 667 2981 commune.
693 2918 786 2996 Agite
798 2936 884 2978 se·2s

91 3035 134 3076 na
154 3016 255 3092 godes
272 3025 350 3091 raet,
373 3016 456 3076 ende
485 3018 627 3077 cundum
668 3016 728 3077 Dei
772 3033 847 3076 con-

92 3116 262 3175 schouwet
284 3113 336 3173 die
351 3114 456 3189 quade
469 3136 472 3258 Α
485 3114 606 3189 silium,
635 3125 666 3175 et
688 3114 848 3175 declinate

93 3213 206 3289 paede,
224 3228 261 3271 so
277 3211 357 3271 seldi
374 3212 456 3288 gode
485 3213 620 3272 semitas
650 3213 768 3285 malas,
800 3211 848 3270 sic

92 3311 155 3370 wel
170 3310 352 3385 behaghen,
373 3310 456 3369 ende
486 3310 556 3369 Deo
572 3310 656 3369 bene
670 3307 848 3386 placebitis,

93 3408 153 3467 des
188 3406 295 3466 viants
335 3406 456 3466 stricke
487 3416 518 3466 et
555 3406 678 3467 inimici
715 3406 885 3482 laqueosso

94 3512 245 3580 ontgaen,
260 3503 370 3563 mitter
387 3504 456 3563 hul·
487 3504 642 3578 evadetis,
655 3503 775 3563 auxilio
788 3505 848 3563 Dei

453 3608 493 3650 327
