2144 4194
216 445 256 495 m
275 442 447 493 [SERMONES
459 442 498 484 DE
509 441 575 484 VITA
587 441 621 484 ET
633 442 780 485 PASSIONE
792 442 916 495 DOMINI]
935 444 979 496 2&

218 585 250 637 et
271 585 389 637 terram
406 576 444 635 ad
460 586 574 637 nutum
593 576 772 652 possides?
804 576 842 636 Et
863 577 976 638 simei

218 673 343 734 servitii
366 691 431 733 non
454 691 548 750 eges:
571 691 630 751 ego
645 684 752 734 tamen
768 674 814 735 tui
833 674 978 752 indigeo,

218 772 269 832 cui
293 771 419 831 servire
441 781 556 832 teneor
577 789 635 847 pro
657 789 773 848 posse;
795 790 869 832 cum
892 773 976 833 mihi

217 869 319 945 gratia
341 878 372 928 et
393 868 498 929 virtus
520 886 651 946 semper
673 887 713 929 ex
730 879 762 930 te
778 880 917 932 crescat:
943 882 977 932 et

194 975 320 1027 stotum
342 965 464 1025 bonum
487 983 596 1027 meum
619 984 659 1027 ex
681 977 712 1029 te
728 968 875 1044 pendeat.
904 969 976 1030 Vti-

218 1081 292 1124 nam
308 1080 440 1140 possem
452 1065 574 1141 aliquid
586 1082 682 1142 agere
692 1066 749 1126 tibi
761 1066 976 1142 acceptabile:

219 1163 281 1221 hoc
304 1161 391 1222 enim
414 1161 493 1222 mihi
516 1173 605 1223 esset
626 1164 720 1223 valde
747 1163 975 1224 desiderabile.

220 1259 257 1318 Et
279 1258 306 1318 si
330 1259 363 1318 in
386 1276 483 1319 carne
504 1261 561 1321 tibi
578 1261 763 1323 ministrare
784 1279 850 1322 non
872 1263 976 1339 potui,

218 1374 279 1417 nec
302 1358 418 1418 adhoc
441 1359 558 1435 dignus
581 1359 627 1420 fui
642 1359 783 1421 admitti:
805 1360 838 1419 in
857 1359 974 1436 spiritu

184 1465 327 1515 rotamen
350 1466 466 1518 cuncta
487 1474 583 1534 agere
604 1474 739 1535 possum
762 1457 880 1518 affectu
903 1475 975 1519 cor·

219 1553 279 1629 dis,
301 1563 333 1613 et
355 1555 462 1614 studio
484 1555 588 1614 bonae
610 1556 796 1616 voluntatis.
835 1556 917 1616 Nam
943 1565 975 1616 et

219 1651 373 1711 iratribus
395 1653 498 1712 meis
520 1671 591 1729 pro
621 1654 786 1714 nominc
815 1665 883 1714 tuo
905 1671 975 1714 ser-

219 1749 354 1826 viendo,
385 1751 486 1811 multa
514 1750 651 1826 implere
679 1767 814 1827 possum
843 1751 974 1829 pietatis

220 1863 334 1923 opera:
363 1864 446 1923 quae
467 1857 502 1908 tu
525 1858 656 1925 reputas
679 1850 771 1926 quasi
799 1850 856 1911 tibi
881 1850 975 1910 iacta.

104 1963 210 2005 caclano
261 1943 429 2022 Siquidem
450 1946 657 2008 devotionem
673 1965 778 2008 meam
795 1964 871 2024 erga
885 1957 974 2007 tuam

125 2038 190 2131 offla
221 2059 345 2102 sacram
369 2043 554 2105 infantiam:
583 2046 724 2106 excitare
747 2045 841 2121 cupio
863 2046 975 2105 verbis

109 2153 203 2194 amona
220 2140 378 2200 amativis.
411 2140 512 2202 Certe
534 2142 651 2202 abhinc
673 2159 739 2201 non
761 2141 824 2217 ibo,
847 2142 976 2202 sedhic

221 2237 308 2299 iuxta
329 2247 361 2298 te
383 2238 523 2315 sedebo;
551 2248 583 2300 et
612 2239 855 2315 contemplabor
876 2239 976 2299 inter-

221 2336 297 2396 dum
313 2337 484 2397 amabilem
496 2337 612 2397 faciem
628 2339 730 2397 tuam:
747 2347 781 2396 ut
795 2336 843 2395 sic
854 2337 975 2397 melius

183 2451 326 2495 aomeam
356 2433 530 2494 obliviscar
558 2434 734 2494 miseriam.
783 2434 845 2494 Hic
875 2435 977 2494 medi·

220 2533 312 2594 tabor
333 2533 366 2592 in
389 2533 549 2593 mandatis
570 2532 651 2594 tuis:
681 2543 713 2593 et
735 2532 914 2593 exercebor
942 2532 976 2591 in

221 2631 423 2691 mirabilibus
444 2631 519 2692 tuis.
563 2631 625 2691 Hic
648 2631 845 2691 sublevabor
872 2647 891 2688 a
913 2639 976 2689 ter-

222 2729 327 2789 renis:
364 2740 395 2789 et
430 2728 627 2788 caelestibus
662 2728 859 2788 associabor.
913 2727 976 2787 Hic

221 2826 367 2904 cogitabo
383 2827 454 2886 dies
469 2827 636 2903 antiquos:
659 2837 691 2886 et
705 2843 809 2886 annos
823 2834 976 2886 aeternos

184 2925 254 2985 asin
277 2934 386 2986 mente
409 2924 544 2984 habebo.
588 2924 651 2983 Hic
681 2923 895 2984 considerabo
920 2941 976 2985 no·

221 3023 356 3083 vissima
378 3039 466 3082 mea:
496 3031 527 3082 et
549 3038 652 3081 annos
674 3037 767 3080 meos
795 3020 829 3079 in
850 3021 976 3098 gemiti·

221 3122 292 3182 bus
322 3120 385 3180 Hic
407 3119 539 3195 placabo
562 3118 677 3178 facicm
701 3129 787 3178 tuam
806 3117 975 3194 precibus:

222 3229 254 3280 et
264 3219 405 3279 iudicem
416 3234 526 3278 meum
538 3216 745 3294 deprecabor.
772 3215 834 3275 Hic
850 3233 977 3276 memor

222 3335 278 3378 ero
301 3334 436 3395 operum
458 3326 605 3376 tuorum:
634 3325 666 3375 et
688 3313 973 3375 innumerabilium

185 3415 456 3478 sobeneliciorum
478 3415 621 3473 humano
638 3412 749 3489 generi
774 3413 974 3472 collatorum.

223 3513 286 3572 Hic
307 3512 472 3573 inveniam
495 3528 551 3571 cor
572 3527 698 3570 meum:
721 3509 774 3568 hic
793 3509 974 3586 relinquam

581 3614 619 3655 roa
