2118 4186
79 561 160 636 plex
175 557 277 618 oratio
293 575 352 634 pro
367 555 626 616 adversantibus,
649 555 840 631 Exemplum

79 673 227 733 namque
256 655 336 716 mihi
366 653 526 730 reliquisti
552 653 758 729 memoriale,
787 652 841 728 qui

79 774 144 833 pro
167 752 416 815 crucifixoribus
439 751 596 826 exorasti,
625 767 666 810 ne
688 751 841 826 perirent.

80 853 217 914 Vtinam
234 861 266 912 et
280 868 338 927 pro
355 866 407 909 me
423 859 593 925 peccatore
611 849 739 908 Patrem
755 866 842 908 nunc

80 967 222 1012 exorare
244 948 398 1026 digneriS,
421 957 456 1008 ut
477 947 615 1008 dimittat
636 945 727 1020 mihi,
751 945 863 1022 quid-s

80 1049 163 1127 quid
187 1046 389 1108 conscientia
404 1045 533 1120 meruit,
554 1055 586 1105 et
608 1043 734 1118 adiciat,
756 1045 841 1120 quod

78 1146 228 1208 tenuitas
250 1162 324 1204 mea
345 1153 456 1220 petere
478 1160 543 1203 non
566 1141 755 1218 praesumit.
793 1140 841 1201 Tu

79 1263 120 1305 es
145 1243 233 1303 enim
256 1244 433 1303 advocatus
448 1257 542 1301 meus
564 1241 671 1301 iustus
689 1250 721 1300 et
737 1240 842 1300 lidelis

78 1343 170 1420 apud
194 1341 333 1415 Patrem,
355 1339 410 1416 qui
433 1349 488 1399 tuo
509 1337 667 1415 sanguine
684 1355 735 1397 me
751 1339 842 1399 rede·

79 1439 173 1500 misti
196 1448 319 1514 tuoque
341 1437 490 1512 exemplo
513 1436 551 1495 ad
568 1434 653 1495 viam
677 1436 841 1511 perlectae
853 1454 876 1494 ιο

79 1537 295 1612 humilitatis,
324 1533 585 1609 mansuetudinis
614 1543 645 1593 et
668 1534 841 1609 patientiae

79 1634 225 1696 dulciter
246 1633 400 1694 invitasti.
443 1630 571 1691 Adiuva
593 1647 646 1691 me
667 1648 755 1709 ergo,
778 1633 841 1691 Do-

80 1733 175 1794 mine
199 1733 284 1807 Iesu,
305 1747 382 1807 spes
404 1746 477 1789 mea
499 1739 530 1790 et
548 1729 710 1806 refugium
733 1728 766 1788 in
788 1729 841 1789 die

80 1830 322 1904 tribulationiS‚
346 1838 468 1889 utnon
490 1827 652 1888 declinem
675 1846 693 1888 a
715 1828 767 1887 via
788 1845 841 1904 pa·

80 1929 219 1990 tientiae
228 1943 433 2005 quacumque
444 1926 640 1987 adversitate
648 1934 840 2001 exurgente:
852 1941 876 1982 15

79 2026 143 2087 sed
160 2026 199 2085 ad
215 2035 246 2086 te
261 2025 487 2086 incunctanter
502 2040 667 2084 recurram
683 2040 741 2098 pro
753 2023 841 2082 iuva·

79 2123 174 2184 mine
196 2133 228 2183 et
250 2123 418 2199 ereptione
436 2122 668 2183 necessitatum
685 2139 840 2181 mearum.

80 2221 191 2282 Multa
213 2237 354 2297 namque
376 2229 452 2281 sunt
474 2221 572 2280 huius
587 2220 673 2280 vitae
694 2220 841 2294 adversa,

80 2336 170 2397 quae
199 2319 363 2379 sustinere
392 2336 456 2378 non
487 2329 536 2379 est
565 2318 731 2395 possibile.
775 2319 840 2394 Ego

79 2435 151 2478 non
173 2417 320 2493 sufficio,
349 2426 461 2477 notum
484 2426 534 2476 est
555 2415 630 2492 tibi,
656 2416 784 2492 quando
806 2415 876 2474 inzo

80 2514 231 2576 minimis
253 2532 305 2575 me
328 2514 456 2590 probas,
478 2530 539 2573 nec
559 2513 658 2573 alium
674 2530 771 2590 quam
793 2514 840 2573 in-

80 2613 214 2673 firmum
238 2613 405 2672 hominem
428 2629 481 2672 me
503 2612 645 2672 invenio.

124 2710 333 2787 Quapropter
348 2727 404 2769 oro
420 2719 462 2786 te,
485 2709 637 2787 Domine,
654 2710 742 2786 aperi
759 2710 838 2770 mihi

79 2809 274 2869 thesaurum
290 2809 537 2868 miserationum
555 2817 683 2868 tuarum
706 2818 738 2869 et
759 2808 838 2870 illud

80 2904 257 2965 mirificum
287 2905 530 2982 maximumque
558 2907 747 2981 passionum
771 2916 875 2968 tua-25

80 3020 154 3062 rum
182 3003 292 3062 revela
313 3002 524 3080 mysterium,
550 3003 670 3080 inquo
693 3004 838 3064 omnium

81 3100 287 3160 infirmorum
319 3110 351 3160 et
379 3100 603 3161 tribulatorum
631 3102 840 3162 continentur

81 3197 839 3276 remedia,exquoetiamsaepenovellusdevo-

79 3296 216 3370 tionem,
231 3306 263 3356 et
277 3297 415 3356 devotus
431 3298 688 3358 consolationem
703 3299 838 3359 multam

79 3392 214 3453 haurire
225 3395 406 3455 consuevit.
429 3394 557 3470 Olesu,
568 3395 642 3456 lons
652 3397 874 3474 gratiarum,³o

80 3491 131 3553 iac
147 3491 269 3552 intrare
280 3510 455 3553 cormeum
467 3493 715 3553 amaritudinem
727 3493 837 3554 calicis

440 3599 477 3639 su
