2122 4196
224 437 265 488 &2
280 436 453 488 [SERMONES
466 438 504 479 DE
514 437 581 480 vm
592 437 627 480 ΕΤ
639 437 786 480 ΡΑ881οΝΕ
797 437 922 490 DOMINI]
942 438 982 490 ἴς)

224 571 459 646 praesentiam:
481 571 610 647 quando
633 572 679 632 illi
701 571 749 631 sic
764 572 918 632 ardebant
941 572 980 631 ad

224 668 327 728 solam
350 668 441 728 verbi
465 669 654 729 incarnandi
677 669 878 730 memoriam.
919 668 980 728 Ex·

224 765 339 826 ultavit
359 765 523 826 Abraham
552 776 644 843 pater
671 767 816 827 omnium
844 766 980 826 creden·

222 863 304 923 tium
334 872 368 923 ut
389 863 515 924 videret
544 865 629 925 diem
653 864 795 940 Christi,
824 880 921 940 quem
945 863 979 923 in

200 961 340 1037 sspiritu
370 961 411 1021 de
440 979 499 1021 sua
528 963 629 1038 stirpe
659 963 859 1023 nasciturum
889 979 980 1038 prae·

223 1058 365 1135 viderat;
393 1069 425 1119 et
452 1059 585 1136 gavisus
614 1069 664 1119 est
684 1060 801 1137 gaudio
823 1077 889 1119 non
911 1077 980 1120 mo-

223 1156 315 1217 dico:
350 1166 484 1233 propter
519 1168 641 1218 certam
677 1176 769 1234 spem
804 1175 901 1235 quam
938 1160 978 1219 de

223 1253 358 1315 Christo
394 1255 559 1315 nascituro
590 1266 769 1332 acceperat.
821 1256 980 1318 Similiter

221 1362 329 1413 autem
346 1352 445 1412 etalii
462 1352 555 1414 multi
570 1354 694 1430 antiqui
705 1354 808 1414 sancti
825 1355 976 1432 idipsum

188 1449 413 1526 infrequenter
432 1450 711 1527 desideraverunt,
733 1452 787 1529 qui
810 1469 869 1528 per
883 1453 977 1529 spiri·

221 1556 289 1606 tum
322 1548 383 1606 hoc
414 1548 678 1623 praesciverunt3
709 1549 880 1624 cupientes
912 1560 976 1610 tam

221 1661 373 1722 magnum
396 1645 493 1706 citius
513 1646 640 1723 impleri
657 1646 866 1723 mysterium:
890 1648 976 1724 quod

221 1760 282 1802 nos
292 1743 355 1803 iam
365 1744 546 1820 gaudemus
556 1760 631 1804 esse
647 1745 854 1819 completum.
878 1743 976 1821 Quod

220 1842 300 1902 satis
329 1842 498 1902 evidenter
523 1842 685 1902 Dominus
713 1841 870 1902 ostendit:
900 1859 975 1903 cum

186 1956 377 2015 rspraesens
412 1938 446 1998 in
482 1955 580 1998 carne
611 1938 781 2014 discipulis
816 1939 886 1998 suis
922 1940 976 2002 ait.

220 2037 316 2097 Multi
346 2053 440 2113 reges
469 2046 501 2095 et
530 2037 706 2112 prophetae
733 2037 907 2096 voluerunt
929 2037 976 2096 vi·

219 2134 307 2209 dere,
329 2151 412 2211 quae
434 2151 493 2193 vos
515 2134 649 2194 videtis:
672 2144 704 2194 et
725 2151 790 2195 non
812 2134 975 2195 viderunt.

221 2232 360 2291 Parvum
390 2230 488 2308 igitur
519 2248 662 2291 amorem
694 2232 823 2292 videtur
853 2233 976 2292 habere
1059 2309 1060 2312 Ἴ

219 2329 257 2388 ad
281 2328 463 2402 Christum,
491 2329 642 2405 quisquis
664 2330 697 2388 in
722 2329 885 2390 desiderio
909 2329 977 2390 ani·
1059 2369 1060 2383 ,

182 2443 290 2486 :omae
313 2442 392 2485 suae
415 2442 479 2485 non
503 2425 675 2502 recogitat,
704 2443 800 2503 quam
826 2426 976 2487 divinum

219 2525 261 2584 sit
276 2523 482 2601 mysterium,
497 2540 593 2599 quam
609 2540 762 2600 magnum
778 2524 976 2586 beneficium

219 2620 342 2681 homini
374 2621 543 2681 collatum:
573 2621 658 2696 quod
686 2620 842 2682 Christus
872 2621 977 2681 incar·
1058 2673 1059 2689 ,

218 2718 286 2777 nari
316 2717 428 2778 voluit.
472 2717 625 2778 Attamen
653 2718 792 2778 libenter
813 2719 888 2795 pius
912 2720 977 2780 Do-

218 2816 327 2876 minus
355 2816 401 2876 de
431 2832 474 2875 se
505 2816 810 2877 meditantibus
838 2818 975 2893 gratiam

180 2933 207 2974 25
217 2913 401 2973 devotionis
423 2914 499 2973 dare
520 2915 701 2990 consuevit,
723 2915 791 2992 qui
815 2915 860 2974 ad
884 2915 976 2975 dan·
1057 2967 1058 2995 ,

217 3011 302 3070 dam
325 3013 668 3072 benedictionem
694 3013 730 3073 in
754 3013 849 3072 hunc
872 3029 975 3073 mun-

216 3111 305 3169 dum
342 3109 476 3184 venit;
512 3109 608 3184 quia
643 3109 735 3169 sine
771 3109 976 3169 unctione
1056 3181 1057 3188 ἵ

217 3224 294 3266 non
324 3217 388 3267 est
418 3206 636 3269 Christus:
667 3224 741 3267 nec
771 3207 861 3266 sine
892 3209 975 3268 dul-

216 3304 364 3364 cedine
407 3304 620 3381 cogitatur
663 3304 792 3365 lesus.
856 3303 975 3382 Neque

178 3402 302 3464 soenim
320 3401 532 3461 dubitandum
549 3401 627 3478 quin
639 3402 796 3462 studiosis
807 3402 975 3464 mentibus
1055 3453 1056 3498 t

216 3499 335 3558 multae
351 3500 434 3558 latae
450 3516 486 3558 ac
509 3499 664 3574 pulchrae
686 3509 817 3559 sanctae
839 3499 975 3560 medita-

581 3603 608 3644 62
