2118 4186
212 396 293 448 m
330 391 506 436 ositiones
522 390 725 434 occassione
741 389 981 443 uomitum

214 527 383 602 sentiatur,
396 527 575 604 perfectius
584 525 732 585 moribus
742 537 775 586 et
784 525 851 585 vita
860 536 981 585 tenea-

213 639 275 688 tur.
305 626 383 687 Sit'
374 643 511 702 1nsuper
524 623 694 685 crucifixio
716 633 771 682 tua
788 622 980 697 speculatio

213 741 305 799 mea,
332 723 427 782 dolor
447 722 560 782 matris
581 732 657 781 tuae
678 720 857 781 consolatio
885 737 980 792 mea,

214 822 310 883 fletus
341 821 444 882 sancti
475 819 631 881 Iohannis
660 817 854 879 intercessio
884 834 978 876 mea

190 919 289 980 sNon
303 918 346 979 sit
361 918 434 979 sine
455 919 585 978 interna
598 916 826 993 compassione
847 914 979 974 mentis
1040 995 1041 1004 ἵ

213 1027 367 1093 aspectus
380 1016 495 1076 mortis
510 1026 585 1076 tuae
600 1025 664 1075 tam
680 1013 848 1073 deformis.
877 1011 977 1088 Quo-

213 1114 442 1190 tienscumque
471 1112 568 1189 igitur
596 1121 684 1173 tuam
706 1111 894 1186 passionem
923 1127 976 1170 re·

213 1213 302 1286 colo,
330 1220 385 1272 aut
407 1211 577 1288 figuratum
607 1211 641 1270 in
662 1226 762 1270 cruce
787 1208 901 1282 video,
933 1208 975 1268 da

213 1306 974 1383 hocinteriuscordimeosentirc,quodmultis
1040 1299 1041 1306 '

180 1407 341 1468 indevotis
362 1407 480 1468 dedisti
498 1406 664 1483 experiri„
680 1405 746 1482 Qui
763 1403 848 1464 vivis
870 1413 903 1464 et
922 1422 974 1464 re-

213 1522 293 1581 gnas
305 1506 397 1565 Deus
408 1521 466 1580 per
481 1504 591 1564 omnia
605 1504 737 1564 saecula
751 1502 972 1562 saeculorum.
1040 1583 1041 1592 ἵ

213 1601 330 1662 Amen.

560 1723 619 1770 1111.

406 1841 517 1901 Oratio
539 1840 582 1899 od
605 1839 774 1900 Christum.

182 1934 389 2153 offihus
411 2003 442 2052 et
463 1991 566 2068 gloria
588 1991 644 2051 tibi
667 2008 798 2068 semper
819 1991 879 2070 sit,
905 1994 971 2053 Do·

338 2089 426 2150 mine
457 2090 531 2150 Iesu
561 2089 712 2164 Christe,
743 2089 798 2165 qui
828 2108 886 2166 pro
916 2108 970 2150 me

213 2197 383 2262 peccatore
394 2187 596 2247 descendere
607 2187 757 2264 dignatus
768 2203 805 2246 es
815 2188 856 2247 de
869 2189 969 2248 caelis

213 2295 244 2345 et
274 2286 424 2346 arborem
455 2285 634 2344 ascendere
666 2285 774 2345 crucis
803 2285 844 2344 ad
876 2285 969 2346 satis·
1040 2359 1041 2366 ἵ

214 2382 398 2442 laciendum
410 2399 468 2458 pro
479 2382 726 2459 peccatismeiS,
740 2383 774 2443 in
786 2384 967 2460 quanudus
1040 2405 1041 2426 ¹

176 2497 203 2537 20
213 2491 244 2543 et
259 2491 325 2543 toto
341 2498 478 2557 corpore
493 2482 684 2542 vulneratus
698 2491 863 2558 tamquam
879 2481 967 2541 vilis-

213 2579 316 2639 simus
332 2578 492 2638 latronum
510 2579 594 2640 inter
608 2580 751 2639 latrones
766 2579 966 2656 pependisti:

212 2676 267 2753 qui
291 2692 327 2735 es
349 2676 521 2751 speciosus
544 2676 647 2737 forma
669 2693 747 2752 prae
770 2677 846 2737 liliis
864 2678 966 2738 homi·

213 2792 301 2848 num,
322 2791 422 2834 verus
438 2775 499 2834 Dei
522 2774 618 2850 filine,
642 2775 710 2834 Rex
726 2792 839 2851 regum
855 2784 888 2835 et
903 2777 965 2835 Do
1040 2819 1041 2826 κ

213 2871 322 2932 minus
339 2873 538 2950 angelorum.
568 2872 760 2933 Benedictio
777 2882 808 2933 et
828 2872 964 2948 claritas,

176 2969 386 3045 asgratiarum
417 2968 501 3029 actio
533 2979 566 3028 et
596 2986 659 3028 vox
691 2969 795 3029 laudis
825 2969 883 3030 tibi
915 2970 964 3048 sit,

212 3063 305 3142 Agne
321 3065 383 3125 Dei
402 3065 591 3126 mitissime:
613 3066 767 3143 quoniam
790 3067 908 3144 dignus
929 3085 963 3128 es

212 3162 360 3238 accipere
376 3180 506 3224 omnem
523 3166 681 3224 honorem
697 3175 829 3241 propter
843 3166 962 3240 passio·
1040 3179 1041 3218 l

212 3277 287 3320 nem
303 3261 417 3322 mortis
433 3270 465 3321 et
479 3261 714 3338 multimodam,
736 3279 833 3339 quam
849 3279 962 3338 passus

213 3375 249 3418 es
271 3357 304 3418 in
327 3375 434 3434 cruce,
456 3359 695 3419 confusionem.
724 3359 847 3436 Accipe
869 3359 961 3436 igitur

176 3475 203 3516 so
213 3455 354 3516 humiles
369 3456 428 3517 has
444 3455 567 3531 laudes,
582 3457 716 3517 devotas
730 3456 859 3534 gratias,
876 3474 960 3518 men·

568 3561 608 3603 344
