2128 4190
67 421 393 474 mmm
430 421 474 472 [26]
509 421 830 474 mmm

69 571 158 615 men.
203 555 265 615 Pro
288 555 381 616 hasta
403 555 505 632 regis:
535 555 680 616 lanceam
708 553 830 622 militis.

70 647 135 712 Pro
168 652 264 714 mitra
298 653 480 728 pontilicis:
517 652 684 713 sudarium
720 650 830 711 nudati

70 748 197 826 capitis,
242 749 305 809 Pro
337 751 490 811 cathedra
520 749 679 810 doctoris:
709 749 831 809 colum·

69 865 146 907 narn
178 848 359 908 marmoris.
404 849 466 908 Pro
494 849 618 926 scypho
645 845 830 923 spongiam:

70 963 130 1023 pro
161 947 290 1023 lagena,
318 947 533 1007 acetabulum.
577 946 639 1005 Pro
661 945 738 1004 vino
761 961 854 1006 aee-5

70 1054 159 1120 tum;
189 1061 246 1119 pro
268 1054 400 1104 nectare
422 1061 582 1105 murram:
612 1060 669 1118 pro
693 1042 831 1103 medone

72 1143 116 1202 iel
147 1141 399 1202 amarissimum.
443 1142 506 1201 Pro
538 1142 651 1210 osculo
683 1149 832 1216 sputum;

71 1257 131 1316 pro
172 1239 417 1316 compassione,
458 1238 633 1299 derisionis
673 1238 831 1299 iaculum:

72 1354 131 1413 pro
168 1337 400 1412 valedictione,
436 1337 559 1413 recepit
594 1335 832 1396 maledictionis

71 1436 222 1496 verbum.
274 1435 407 1495 Praeter
437 1435 499 1499 ista
529 1434 592 1494 iam
624 1434 726 1494 dicta:
757 1433 831 1494 audi
843 1453 868 1494 to

71 1533 181 1594 adhuc
204 1533 265 1592 alia
286 1544 499 1593 extremae
524 1531 833 1592 desolationis

71 1632 271 1711 gravamina.
322 1631 404 1691 Nam
435 1631 690 1692 derelictus
719 1639 788 1689 est
815 1647 833 1688 a

74 1732 199 1791 Patre
231 1730 273 1789 in
307 1729 447 1790 maxima
477 1728 686 1805 angustia
713 1726 831 1804 quasi

72 1845 154 1888 non
182 1837 306 1887 esset
333 1826 467 1886 iilius
494 1826 586 1886 eius
612 1826 832 1886 dilectus:

74 1924 253 1985 derelictus
276 1934 326 1985 est
347 1925 386 1984 ab
404 1923 565 1984 amiciset
580 1922 751 1998 discipulis
766 1939 868 1984 om·rs

73 2022 173 2083 nibus
209 2030 371 2099 tamquam
409 2022 531 2097 hospes
566 2030 598 2080 ct
630 2019 833 2097 peregrinus.

76 2119 223 2180 Perdidit
245 2120 374 2180 sodales
396 2119 552 2196 optimos:
575 2107 833 2180 invenit'hostes

74 2216 249 2294 pessimos.
289 2216 411 2278 Amisit
432 2226 580 2277 sanctum
605 2216 737 2276 Petrum
761 2232 833 2290 pro·

73 2323 305 2392 pugnatorem:
332 2314 455 2391 recepit
478 2314 645 2374 Malchum
670 2313 757 2374 Petri
783 2331 833 2374 ac·

73 2423 270 2474 cusatorem.
303 2413 391 2490 Quid
406 2413 526 2489 plura?
555 2412 618 2471 Pro
635 2411 869 2472 reddituarioao

73 2509 188 2570 habuit
210 2509 332 2569 iurem:
355 2527 413 2585 pro
436 2508 612 2569 secretario
636 2507 832 2568 traditorem.

75 2609 138 2668 Pro
156 2606 341 2668 vexillifero
358 2607 525 2667 Simonem
543 2605 753 2684 Cyrenaeum
776 2603 831 2681 qui

73 2703 215 2782 portavit
244 2721 392 2764 crucem:
421 2722 479 2780 pro
509 2701 709 2763 cubiculario
738 2702 832 2761 latro-

72 2820 149 2863 nem
173 2819 314 2879 nequam
337 2801 392 2879 qui
415 2800 622 2878 exprobravit
644 2817 729 2860 eum.
769 2799 832 2858 Pro

72 2899 254 2961 infirmario
277 2899 475 2959 derisorem:
501 2917 559 2975 pro
582 2897 736 2959 vestiario
759 2914 868 2973 spo-25

72 2999 233 3059 liatorem.
277 2997 340 3057 Pro
370 2997 581 3058 refectorario
609 2995 695 3056 fellis
722 2996 832 3056 braxa-

71 3106 196 3156 torem:
225 3112 283 3170 pro
306 3095 496 3155 dormitorio
519 3095 746 3170 sepulchrum:
774 3110 832 3169 pro

72 3194 206 3267 lectulo,
228 3209 342 3252 saxum
366 3193 482 3252 durum
506 3192 538 3251 in
561 3203 652 3267 petra
674 3191 831 3251 excisum.

74 3292 164 3352 Inter
185 3290 266 3349 haec
288 3300 397 3350 tamen
420 3290 504 3349 mala
525 3289 558 3350 in
575 3289 746 3350 Christum
768 3289 832 3347 Do-

74 3390 200 3450 minum
231 3388 330 3465 iacta,
359 3406 424 3449 non
452 3388 627 3466 defuerunt
652 3387 868 3448 amicorumoo

75 3487 127 3564 pia
155 3488 313 3563 lamenta3
341 3487 399 3546 sed
428 3487 569 3546 latebant
598 3496 629 3545 et
651 3486 747 3560 longe
770 3493 857 3542 sta-¹

434 3590 472 3632 251
