2118 4186
227 433 268 484 m*
286 432 459 484 [SERMONES
472 434 511 476 DE
520 432 588 476 vmh
598 433 634 475 ΕΤ
645 432 792 476 ΡΑ881οΝΕ
804 433 930 486 Domitii]
946 435 984 487 K&

228 567 360 627 horrida
385 566 500 627 mortis
526 567 686 644 supplicia
708 568 772 644 pati
794 568 983 629 timuerunt.

229 663 258 725 Ο
275 664 353 724 felix
368 675 400 725 et
413 665 556 742 gloriosa
570 666 737 743 aseensi03
759 684 823 743 qua
842 668 984 726 humana

227 773 342 823 natura
363 779 463 840 super
483 780 600 824 omnes
619 765 752 841 angelos
766 774 817 824 est
831 765 984 824 exaltata:

228 871 260 920 et
288 861 382 920 ruina
407 861 608 937 perditorum
634 862 822 939 angelorum
845 879 904 939 per
925 880 984 922 nu-

203 975 353 1018 smerum
374 961 553 1020 electorum
576 960 745 1020 hominum
762 959 887 1020 Christi
910 976 984 1018 san-

225 1055 324 1130 guine
346 1056 545 1133 signatorum
569 1056 777 1117 instauratur.

266 1152 407 1213 Attende
429 1153 526 1231 igitur
547 1170 634 1213 nunc
657 1164 689 1213 et
704 1163 738 1213 tu
754 1153 861 1211 anima
876 1151 984 1212 fidelis

225 1267 308 1326 quae
339 1250 401 1310 ista
431 1250 529 1327 legis,
564 1260 599 1309 ut
631 1249 801 1310 Christum
833 1249 984 1326 sequaris

224 1347 376 1423 passibus
397 1348 534 1422 amoris;
557 1347 633 1423 quia
655 1347 833 1424 corporalis
855 1347 982 1408 Christi

192 1445 375 1506 reascensio
391 1445 424 1504 in
441 1446 584 1506 caelum:
606 1445 761 1521 spiritalis
776 1455 827 1505 est
842 1445 983 1505 elevatio

225 1542 344 1602 mentis
366 1543 399 1602 in
423 1544 540 1604 Deum.
572 1545 646 1603 Non
669 1561 746 1620 ergo
769 1544 853 1603 ultra
874 1553 904 1602 te
929 1543 984 1602 de·

224 1641 321 1700 iectet
351 1641 541 1702 inhabitatio
572 1641 657 1702 vitae
687 1641 886 1718 praesentis:
923 1640 982 1699 sed
1051 1679 1052 1682 κ

224 1739 332 1813 potius
360 1739 476 1800 invitet
501 1739 628 1799 mansio
650 1739 802 1799 caelestis
825 1755 897 1798 cum
927 1755 983 1797 an·

223 1837 305 1911 gelis
327 1838 465 1912 sanctis3
488 1837 541 1896 ubi
563 1856 581 1897 a
596 1837 760 1897 laboribus
775 1848 807 1896 et
822 1836 984 1913 angustiis

191 1935 350 1996 iscunctis
380 1935 592 2012 requiescunt
620 1934 746 1994 animae
776 1944 984 1994 sanctorum:

224 2034 472 2108 contemplando
501 2033 616 2093 faciem
640 2033 765 2094 Christi
793 2032 983 2092 insaecula

223 2132 438 2190 saeculorum.
488 2131 627 2191 Rumina
657 2147 755 2206 saepe
784 2130 879 2188 dulce
908 2145 984 2187 ver-

223 2228 298 2287 bum
329 2228 453 2289 Christi
484 2229 569 2305 quod
599 2227 679 2288 dixit
707 2227 878 2304 discipulis
909 2226 984 2286 suis

223 2337 297 2386 ante
319 2326 522 2402 passionem,
549 2326 625 2402 quia
646 2327 727 2386 vado
750 2342 863 2402 parare
885 2324 984 2384 vobis

186 2422 346 2482 miocum:
370 2433 401 2483 et
423 2425 594 2483 recordare
617 2424 779 2500 quianon
802 2425 903 2484 habes
926 2424 983 2483 hic

222 2531 407 2581 manentem
431 2521 604 2582 civitatem.
645 2522 780 2597 Suspira
802 2538 842 2580 ex
863 2521 982 2581 intimo
1051 2547 1052 2554 ¹

222 2618 340 2694 cordis
351 2628 482 2695 propter
493 2621 593 2680 multa
604 2619 771 2679 obstacula
781 2620 985 2679 retrahentia

221 2716 473 2792 acaelestibus3
496 2727 528 2777 et
548 2727 622 2793 pete
645 2717 779 2778 amalis
801 2717 984 2793 praesenti-

222 2814 282 2872 bus
298 2812 444 2873 liberari:
460 2825 492 2874 et
507 2815 546 2874 ad
563 2815 733 2876 Christum
750 2815 892 2875 celerius
906 2833 984 2891 per-

185 2911 344 2972 2svenire.
388 2911 460 2970 Hoc
489 2911 577 2972 enim
606 2913 708 2972 multo
735 2912 855 2972 melius
881 2929 981 2988 quam

221 3009 274 3068 hic
306 3009 423 3069 cotidie
453 3019 565 3069 contra
594 3009 671 3069 vitia
702 3019 844 3070 certare:
875 3021 906 3070 et
939 3011 982 3070 de

221 3105 320 3165 variis
348 3105 504 3183 periculis
533 3123 665 3183 semper
692 3106 818 3167 timere.
862 3107 984 3168 Clama
1051 3147 1052 3172 i

221 3221 294 3264 cum
311 3222 432 3280 sponsa
446 3204 479 3264 in
496 3202 644 3264 Canticis
659 3214 691 3264 et
706 3204 767 3264 dic.
802 3203 909 3264 Trahe
925 3222 982 3265 me

220 3313 293 3378 post
317 3313 367 3362 te:
394 3302 447 3361 ubi
471 3300 581 3360 omnia
601 3301 686 3360 bona
708 3313 740 3361 et
760 3302 883 3362 laetitia
904 3302 983 3364 sine

183 3398 294 3461 soline.
337 3399 401 3460 Sed
430 3400 494 3459 heu
524 3400 669 3460 nondum
691 3399 781 3459 veuit
807 3402 890 3460 hora
916 3401 984 3462 ista

220 3497 376 3557 iucunda:
405 3498 550 3557 nondum
579 3508 630 3558 est
658 3508 786 3573 tempus
809 3499 983 3575 regnandi,

577 3603 619 3645 ωε
