2118 4186
62 459 386 513 <dmm
422 459 822 514 &immedicatum

61 603 214 670 surgant:
236 594 397 670 praebens
419 594 468 655 eis
487 593 549 654 iter
563 612 628 671 quo
643 594 822 654 ascendere

61 692 204 752 debeant
245 694 284 753 ad
327 691 633 753 immarcescibilem
676 693 821 768 gloriam.

60 787 218 849 Ascendo
249 789 355 865 inquit
385 790 425 849 ad
457 791 586 850 Patrem
618 807 738 850 meum.
787 791 820 851 Si

61 886 244 964 diligeretis
272 905 325 948 me
352 889 539 965 gauderetis
568 889 681 965 utique
703 889 735 949 in
759 891 821 949 hoc

60 986 182 1061 verbo;
205 986 282 1062 quia
302 986 396 1046 vobis
418 987 562 1063 proderit
577 987 664 1064 quod
679 988 844 1047 ascendos

59 1085 100 1144 ad
125 1084 255 1144 Patrem
278 1084 333 1161 qui
361 1101 413 1145 me
435 1084 540 1145 misit:
569 1095 604 1146 ut
631 1101 820 1161 praeparem

60 1182 157 1242 vobis
188 1183 295 1242 locum
327 1181 361 1242 in
392 1198 491 1258 regno
522 1182 627 1242 Patris
656 1183 737 1258 mei,
767 1183 820 1243 ubi

58 1279 246 1357 gaudebitis
268 1297 342 1340 cum
365 1279 531 1340 universis
546 1281 660 1342 electis
682 1281 766 1341 meis
788 1281 821 1340 in

59 1387 244 1437 aeternum.
288 1377 397 1438 Nolite
427 1395 503 1455 ergo
530 1379 668 1439 turbari:
697 1396 759 1440 nec
781 1380 821 1439 de

59 1492 199 1536 recessu
227 1493 302 1537 meo
330 1475 429 1535 nimis
459 1476 707 1538 contristemini.
755 1477 821 1554 Ego
833 1495 858 1537 ro

59 1591 120 1650 pro
144 1573 239 1634 vobis
256 1574 383 1635 Patrem
406 1575 542 1651 rogabo:
564 1586 599 1636 ut
621 1575 823 1637 dimittantur

59 1672 158 1732 vobis
179 1683 312 1748 peccata
326 1683 444 1733 vestra.
475 1673 541 1749 Ego
557 1674 746 1735 confortabo
763 1690 822 1733 vos

59 1769 149 1830 inter
178 1771 331 1846 adversa3
361 1787 420 1847 ego
447 1771 642 1832 consolabor
668 1772 701 1831 in
723 1772 822 1832 huius

59 1868 177 1929 mundi
205 1867 319 1944 exili03
346 1886 406 1945 ego
429 1870 591 1930 coronabo
614 1886 674 1929 vos
696 1869 728 1929 in
752 1887 822 1930 cae-

59 1966 137 2026 lesti
170 1982 287 2043 regno:
318 1967 373 2026 ubi
401 1967 554 2044 gaudium
584 1978 729 2028 vestrum
761 1967 823 2027 erit
834 1984 858 2023 15

60 2065 210 2140 plenum,
231 2074 263 2124 et
278 2064 317 2124 ab
332 2064 421 2124 omni
437 2065 531 2124 hoste
547 2081 711 2126 securum.
740 2066 822 2125 Pla·

59 2163 144 2223 cuit
167 2163 267 2223 enim
291 2162 395 2222 Patri
423 2178 505 2222 meo
527 2163 638 2222 vobis
664 2181 822 2240 pauper·

59 2261 174 2321 culis
200 2272 239 2321 et
265 2261 498 2322 humilibus
525 2261 621 2320 dare
651 2276 820 2336 regnum

60 2358 157 2419 Dei:
184 2358 253 2435 qui
280 2359 440 2435 spretis
464 2358 593 2420 mundi
617 2356 822 2418 illecebris

58 2455 249 2532 vestigia
276 2472 362 2516 mea
388 2456 525 2516 secuti
553 2455 670 2516 estis,
831 2469 859 2510 ao

104 2555 151 2615 Ex
173 2557 234 2615 hoc
255 2554 318 2614 iam
339 2565 486 2631 tempore
503 2553 637 2616 Christo
654 2563 821 2629 assumpto

58 2654 96 2713 in
114 2652 220 2712 Patris
234 2653 347 2729 gloria,
369 2663 478 2713 erecta
492 2663 568 2712 sunt
583 2652 681 2712 corda
695 2662 822 2728 aposto·

59 2752 170 2810 lorum
193 2751 233 2810 ad
248 2750 418 2827 caelestia3
440 2761 472 2810 et
494 2766 625 2810 sursum
649 2749 752 2825 magis
774 2749 822 2808 ire

58 2848 260 2925 gaudebant:
276 2858 447 2925 sperantes
457 2848 544 2925 quod
555 2847 703 2922 deposito
714 2847 822 2907 carnis

59 2962 165 3006 onere
201 2945 308 3022 ipsum
349 2956 567 3022 sequerentur
602 2945 641 3005 ad
676 2945 859 3022 gloriam.2s

61 3044 212 3120 Magna
233 3044 394 3122 siquidem
418 3043 536 3103 fiducia
557 3043 662 3104 inerat
683 3043 732 3103 eis
751 3061 824 3120 per-

59 3141 217 3201 veniendi
241 3143 279 3202 ad
302 3159 438 3220 regnum
461 3159 659 3218 supernum:
682 3141 737 3219 qui
760 3143 822 3200 cal-

60 3238 145 3299 catis
167 3238 319 3299 infimis
341 3257 518 3317 pauperem
541 3239 638 3299 vitam
662 3238 823 3297 ducebant

60 3355 122 3413 pro
146 3336 292 3398 Christo.
336 3338 507 3398 Habebant
528 3337 664 3412 insuper
685 3334 823 3411 promis-

62 3452 139 3496 sum
154 3434 216 3494 sibi
229 3434 385 3511 Spiritum
401 3445 564 3496 sanctum:
581 3433 675 3495 cuius
685 3449 822 3494 munere
832 3450 859 3490 so

63 3531 201 3606 firmati,
229 3549 290 3592 nec
319 3531 450 3596 vincula
477 3549 538 3593 nec
567 3548 733 3605 carceres,
761 3546 822 3590 nec

425 3636 463 3678 291
674 3635 716 3676 19·
