2122 4196
229 483 270 533 δὲ
303 481 470 524 ΜΕὓΙΤΑΤΙΟ
487 481 525 521 DE
542 478 772 522 INCARNATIONE
788 478 913 520 CHRISTI
948 480 992 530 ω

230 615 464 691 multiplicibus
493 613 600 674 modis
623 613 870 689 praenuntiatus
896 623 992 673 eset

230 713 482 791 praefiguratus3
498 729 585 771 nunc
597 721 718 788 aperte,
733 728 821 771 nunc
832 711 991 771 obscure:

231 812 316 872 sicut
326 810 496 871 evidenter
507 811 655 887 inspecta
664 819 730 870 tota
745 807 992 870 veterisTesta-

231 908 331 969 menti
354 908 459 968 series
482 917 689 984 protestatur.
733 907 787 968 Nil
810 907 931 984 quippe
956 909 991 968 in

208 1024 269 1067 sea
290 1015 382 1065 vacat
404 1023 422 1064 a
444 1005 617 1082 mysterio:
641 1006 699 1064 sed
721 1014 785 1065 tam
809 1006 992 1066 divinitatis

231 1115 305 1165 tuae
328 1122 424 1180 quam
447 1103 544 1164 etiam
567 1102 778 1163 humanitatis
796 1102 994 1164 fidelissima

231 1203 351 1262 ibidem
373 1201 561 1262 testimonia
576 1200 794 1261 continentur.
823 1201 861 1261 Et
876 1219 992 1278 quam-

231 1300 281 1360 vis
297 1299 440 1360 hominis
455 1299 678 1359 testimonium
694 1299 751 1359 tibi
762 1299 991 1360 necessarium

231 1415 296 1459 non
328 1397 425 1457 luerit
454 1397 508 1473 qui
539 1398 659 1458 veritas
691 1415 744 1473 es,
775 1407 807 1457 et
836 1399 993 1459 homines

198 1515 306 1558 iocum
338 1496 483 1556 volueris
515 1497 691 1571 prophetas
723 1495 821 1570 lacis3
857 1507 994 1573 propter

232 1605 376 1656 nostram
398 1605 507 1654 tamen
530 1593 746 1652 eruditionem
770 1603 802 1652 et
817 1592 891 1653 fidei
913 1612 993 1655 con·

233 1693 461 1766 firmationem,
482 1692 578 1767 longe
594 1692 674 1750 haec
692 1700 767 1751 ante
782 1691 915 1752 voluisti
931 1710 995 1768 per

233 1799 364 1849 sanctos
386 1798 460 1849 tuos
476 1789 618 1864 praedici
642 1799 674 1848 et
690 1789 869 1849 conscribi:
891 1800 993 1867 atque

233 1896 353 1949 tantam
363 1887 459 1947 etiam
471 1887 694 1947 auctoritatem
707 1887 836 1947 illorum
848 1888 994 1964 eloquiis

200 1987 378 2061 strodere,
407 1985 526 2061 quibus
554 1985 643 2044 nulla
672 2002 712 2045 ex
741 1995 831 2062 parte
855 1986 995 2047 auderet

234 2085 308 2162 quis
324 2084 563 2158 contradicere;
585 2092 746 2160 quatenus
762 2091 882 2142 etcum
899 2100 995 2158 prae-

234 2200 312 2242 sens
334 2182 468 2241 adesses
491 2182 647 2256 incarne,
672 2181 740 2240 Rex
756 2182 856 2242 lsrael
873 2191 904 2241 et
921 2181 995 2241 Sal-

234 2289 326 2340 vator
352 2279 463 2339 mundi
494 2296 609 2354 posses
639 2279 788 2355 agnosci:
818 2297 914 2356 quem
944 2289 996 2341 tot

235 2378 416 2453 scripturae
438 2377 747 2437 commendaverant
764 2378 996 2438 adventurum.

198 2477 274 2539 aoEt
296 2478 357 2536 hoc
373 2475 524 2552 estquod
543 2474 802 2550 praesentialiter
817 2475 898 2551 legis
916 2475 997 2535 doc·
1050 2461 1051 2466 ¹

235 2574 360 2634 toribus
381 2591 447 2633 non
470 2573 696 2633 credentibus:
725 2574 784 2632 sed
806 2573 935 2633 curiose
959 2586 996 2634 te
1050 2579 1051 2668 l

235 2673 484 2732 observantibus
506 2680 538 2731 et
553 2671 668 2730 callide
686 2671 918 2746 temptantibus
941 2689 996 2731 rc·

234 2769 404 2846 spondisti.
435 2769 630 2830 Scrutamini
647 2769 842 2844 scripturas:
865 2770 897 2828 in
921 2770 995 2844 qui-

235 2869 295 2927 bus
318 2885 377 2927 vos
400 2868 519 2944 putatis
542 2868 640 2928 vitam
665 2877 830 2927 aeternam
860 2867 996 2928 habere.

199 2966 313 3025 aslllae
336 2965 422 3025 enim
446 2975 538 3037 sunt,
568 2983 650 3041 quae
672 2965 896 3026 testimonium
918 2981 996 3039 per-

236 3063 349 3122 hibent
371 3064 410 3123 de
433 3079 496 3122 me.

277 3161 454 3220 Perhibent
476 3161 693 3235 patriarchae:
723 3161 896 3236 perhibent
917 3178 994 3236 pro-

236 3260 352 3336 phetae
381 3269 412 3320 ct
441 3259 540 3318 ceteri
567 3259 661 3333 iusti,
689 3258 913 3319 testimonium
943 3260 994 3320 in-

142 3351 226 3436 ffiss
236 3357 414 3416 carnationi
425 3367 509 3417 tuac.
528 3357 611 3417 Nam
623 3357 785 3417 Abrabam
795 3357 994 3434 patriarcha-

199 3472 307 3516 sorum
337 3456 462 3531 primus
491 3455 532 3515 ob
555 3454 628 3515 fidei
659 3472 738 3516 suae
760 3455 930 3530 meritum,
959 3468 994 3517 et

235 3552 399 3628 perlectae
415 3553 640 3613 oboedientiae
652 3570 751 3628 opus:
767 3553 830 3612 tale
845 3554 993 3628 suscepit

607 3658 620 3697 o
