2118 4186
225 431 266 481 ω
283 427 455 480 [SERMONES
468 427 507 469 DE
517 427 584 470 VITA
596 427 631 469 ET
643 427 792 471 PASSIONE
805 429 926 481 DOMINI]
941 429 975 479 ω

226 562 346 622 oranti:
369 579 387 620 a
407 572 618 623 monumento
634 561 706 622 eius
721 580 787 622 non
803 564 975 624 recedatur.
1032 545 1033 550 ἵ

228 660 277 719 De
308 660 433 736 angelis
469 661 590 720 sanctis
622 661 790 736 inquisitio
823 660 893 736 hat,
925 661 975 737 qui

227 759 313 817 clara
339 759 411 818 eius
438 759 565 819 visione
593 776 725 834 semper
753 760 919 835 fruuntur3
946 769 977 818 ut
1033 790 1034 813 1

227 856 288 931 ipsi
311 857 406 916 nobis
428 857 572 916 indicent
594 856 649 915 ubi
673 857 836 917 Dominus
858 858 908 932 sit,
928 868 977 916 aut
1032 891 1033 926 r

204 964 321 1013 sorent
350 972 408 1030 pro
438 953 532 1014 nobis
561 964 722 1030 quatenus
753 955 900 1015 tristibus
928 973 976 1030 ap·

227 1069 341 1128 parere
358 1053 524 1129 dignetur:
547 1061 578 1111 et
600 1069 660 1111 sua
677 1053 868 1112 dulcissima
885 1053 977 1130 gratia

227 1151 442 1210 maerentium
479 1151 575 1210 corda
606 1150 804 1210 consoletur.
853 1151 977 1211 Vtinam

229 1248 369 1308 Domine
411 1248 484 1307 lesu
525 1248 705 1306 accendere
745 1247 891 1324 digneris
928 1265 979 1307 cor

228 1362 337 1406 meum
374 1347 412 1406 ad
448 1345 670 1422 quaerendum
707 1355 738 1404 te
774 1363 848 1404 cum
882 1345 978 1406 Maria

195 1444 389 1518 rodiluculo‚
418 1453 450 1502 et
477 1443 511 1502 in
541 1443 603 1502 iide
630 1443 831 1502 confortare:
860 1443 914 1520 qui
935 1443 977 1502 in·

229 1541 402 1615 sufflando,
423 1540 577 1616 Spiritum
595 1550 742 1600 sanctum
759 1541 916 1616 apostolis
931 1541 978 1599 de·

229 1639 313 1699 disti.
351 1638 451 1714 Aperi
474 1639 553 1698 mihi
576 1655 711 1699 sensum
734 1638 979 1714 scripturarum3
1034 1711 1035 1728 χ

229 1736 341 1796 etin
373 1753 539 1796 omnem
573 1736 693 1796 sicut
724 1733 976 1811 promisisti
1034 1733 1035 1740 ’

230 1835 344 1894 induc
372 1834 589 1894 veritatem:
617 1834 672 1910 qui
695 1851 731 1892 es
753 1850 854 1909 super
875 1831 979 1893 omnia

196 1949 220 1989 rs
230 1932 321 1992 Deus
343 1932 535 1992 benedictus
557 1932 589 1991 in
612 1932 752 1992 saecula.
784 1931 899 1991 Amen.

249 2136 305 2195 uu
328 2134 526 2196 nusmeo
550 2133 756 2196 euserius
780 2134 964 2208 hohhus,

280 2233 330 2293 ur
354 2233 505 2294 Novus
528 2231 658 2294 vmue
682 2231 933 2294 couvunsn-
1034 2249 1035 2288 r

534 2331 679 2393 mous.
720 2363 723 2370 .

557 2480 657 2544 [xxm]

192 2561 443 2779 aoQAscho
466 2623 609 2678 nostrum
632 2618 818 2678 immolatus
835 2623 883 2677 est
898 2617 979 2678 Chri·

236 2711 252 2770 d
357 2722 434 2776 stus.
472 2715 606 2776 Sacrum
623 2718 764 2791 paschae
779 2733 912 2791 nomen,
933 2732 978 2774 ce·

229 2815 438 2876 leberrimum
469 2824 519 2874 est
548 2825 579 2874 et
607 2823 720 2874 notum
747 2814 833 2888 apud
856 2813 979 2873 fideles:

229 2914 323 2974 cuius
345 2912 538 2990 mysterium
561 2911 713 2971 honorari
734 2910 876 2971 maxime
892 2911 981 2970 debet

229 3011 314 3070 inter
336 3009 554 3071 Christianos.
594 3010 777 3068 Pensemus
800 3007 899 3085 igitur
919 3025 980 3068 om·

193 3124 305 3168 osnes:
335 3106 411 3182 quid
441 3124 498 3182 pro
527 3117 638 3166 nostra
660 3107 764 3166 salute
785 3117 914 3183 gestum
937 3115 981 3165 est

229 3215 261 3265 et
291 3204 484 3264 institutum.
538 3203 695 3280 Designat
725 3203 813 3263 enim
845 3205 980 3280 paschae

230 3302 422 3362 vocabulum
440 3301 572 3361 Domini
588 3302 777 3377 transitum3
798 3302 874 3378 quia
891 3301 981 3363 Chri·

230 3409 301 3459 stus
329 3400 389 3459 hac
418 3399 470 3458 die
499 3400 539 3458 de
568 3409 673 3458 morte
699 3399 795 3459 rediit
817 3400 856 3459 ad
878 3401 982 3473 vitam,

229 3498 269 3556 de
298 3496 419 3555 mundo
448 3496 599 3572 migravit
625 3497 664 3556 ad
694 3497 838 3557 caelum:
868 3508 903 3559 ut
930 3499 980 3558 do·

586 3600 627 3641 asa
