2128 4190
78 401 404 454 wffldffiffiffl
442 401 487 454 [2⁵]
521 399 842 455 {32⁸wa

79 534 194 594 lateris
223 535 269 596 tui
299 545 462 611 tamquam
492 535 525 595 in
548 552 709 596 cameram
732 534 841 595 dilecti

80 633 149 693 mei
172 632 365 693 dormientis
387 632 545 709 introib03
574 634 627 693 ubi
653 633 841 693 abscondite

80 729 210 805 vivam,
232 741 264 790 et
285 731 324 790 ab
346 732 434 791 omni
458 741 655 792 nocumento
677 741 842 807 protegar:

80 845 120 888 ac
145 827 231 888 felici
254 828 364 906 quiete
387 829 419 889 in
441 847 519 906 pace
534 829 644 890 divina
659 845 841 905 repausem.

82 926 160 986 Non
175 925 296 986 timebo
312 927 396 987 mala
411 943 637 1004 quaecumque
659 926 739 987 mihi
755 925 864 986 illatas

82 1024 224 1100 fuerint3
245 1041 306 1084 nec
329 1041 555 1101 quaecumque
577 1026 618 1086 de
640 1023 771 1085 medici
788 1022 840 1082 vel

81 1122 198 1183 sentiri
231 1122 419 1198 despective
450 1124 630 1199 potuerint,
666 1122 841 1182 dummodo

80 1231 117 1282 tu
148 1237 277 1280 mecum
309 1219 356 1278 sis
387 1237 582 1296 mecumque
611 1218 863 1297 permanseris.-

83 1319 152 1395 Ego
181 1334 238 1377 ero
268 1315 373 1377 fidens
401 1318 434 1377 in
464 1328 512 1379 te:
542 1328 573 1378 et
602 1318 634 1378 in
663 1319 764 1379 latere
786 1326 841 1377 tuo

80 1417 136 1476 die
167 1433 204 1475 ac
235 1426 330 1475 nocte
360 1417 519 1478 morabor.
565 1415 612 1476 Tu
645 1415 771 1476 fidelior
799 1431 835 1474 es
853 1429 878 1470 ιο

81 1513 209 1574 amicus
231 1530 327 1590 quam
350 1523 437 1573 totus
459 1514 512 1573 hic
535 1515 692 1574 mundus:
718 1524 753 1574 tu
776 1511 839 1571 lor-

82 1612 148 1673 tior
168 1612 207 1671 ad
230 1610 443 1672 muniendum
467 1630 591 1687 murus,
615 1627 711 1688 quam
735 1609 841 1670 omnis

82 1711 274 1787 angelorum
298 1708 472 1769 exercitus.
509 1708 547 1769 Et
568 1709 641 1769 ideo
664 1724 841 1784 numquam

82 1809 130 1869 tui
159 1808 333 1868 immemor
354 1823 430 1867 esse
452 1807 573 1883 debe03
601 1807 659 1866 sed
686 1816 841 1882 quantum

84 1905 286 1983 possibilitas
314 1904 471 1980 permittit
500 1914 532 1964 et
553 1903 740 1964 infirmitas:
768 1912 842 1962 tuae
854 1919 879 1960 15

83 2002 310 2063 amarissimae
326 2001 490 2077 passionis
507 2002 622 2062 dolens
639 2000 843 2061 recordabor.

85 2103 137 2162 De
169 2117 232 2176 qua
263 2109 372 2160 tamen
404 2099 484 2158 satis
515 2099 657 2175 cogitare
687 2097 775 2174 loqui
812 2107 844 2157 et

83 2198 248 2272 scribere,
277 2197 366 2257 nulla
394 2205 542 2256 creatura
568 2198 665 2273 plene
694 2204 726 2254 et
748 2194 843 2271 digne

82 2295 219 2370 sufficit,
241 2293 337 2354 etiam
354 2293 388 2380 si¹
398 2295 437 2354 ad
453 2295 540 2354 aliud
556 2293 637 2354 nihil
653 2309 769 2353 omnes
790 2309 843 2352 va·

83 2402 215 2468 carent;
243 2391 319 2468 quia
347 2408 478 2451 omnem
508 2401 675 2452 creaturae
698 2405 878 2465 compre-ao

83 2489 281 2552 hensionem
298 2489 436 2565 excedit,
451 2489 537 2567 quod
553 2498 587 2549 tu
603 2489 694 2547 Deus
706 2486 844 2548 Creator

82 2587 232 2648 omnium
248 2588 347 2647 homo
363 2585 432 2646 fieri
445 2596 477 2647 et
487 2602 546 2663 pro
557 2585 745 2645 hominibus
760 2583 842 2644 mori

81 2686 236 2763 dignatus
258 2702 305 2745 es

126 2782 196 2845 Oro
212 2782 310 2859 igitur
330 2782 522 2858 suppliciter
537 2793 568 2842 te
585 2780 725 2840 Domine
741 2788 776 2839 ut
791 2795 843 2838 me

83 2890 292 2958 peccatorem
322 2879 580 2940 misericorditer
608 2877 781 2954 respicias3
812 2886 879 2938 etzs

80 2997 143 3056 per
166 2977 365 3038 ineffabilem
388 2977 522 3054 gratiam
545 2985 632 3036 tuam
648 2975 786 3035 interius
808 2973 844 3033 il-

83 3077 242 3152 lumines,
258 3072 448 3152 frequenter
462 3075 593 3135 visites:
616 3072 759 3134 lacrimis
774 3071 845 3131 irri·
926 3109 928 3112 -

82 3193 154 3254 ges,
176 3173 429 3250 compunctione
452 3181 602 3233 conteras
622 3179 653 3230 et
668 3170 845 3244 emundes3

83 3283 235 3350 utquam
251 3270 394 3348 pretioso
416 3269 574 3346 sanguine
590 3278 645 3329 tuo
661 3267 844 3328 redemisti:

82 3370 201 3432 sedula
215 3369 379 3445 passionis
393 3377 468 3428 tuae
482 3367 691 3428 meditatione
703 3381 843 3425 renoves
852 3385 880 3426 ao

82 3478 117 3530 et
139 3467 311 3528 accendas.
340 3465 496 3527 Concede
518 3464 599 3525 mihi
617 3464 650 3524 in
666 3480 704 3524 ea
726 3463 843 3523 devote

444 3569 486 3610 215
