2122 4196
65 449 109 500 Εἰς
145 448 320 491 ΜΕὓΙΤΑΤΙΟ
337 449 376 492 DE
392 449 622 494 INCARNATIONE
638 451 762 495 CHRISTI
794 453 835 505 KQ)

66 583 239 643 cotidiana
267 583 481 661 allocutione,
509 596 542 646 et
570 586 699 662 largiori
721 595 834 663 postea

67 680 220 756 Spiritus
242 682 346 742 sancti
370 683 554 759 infusione,
581 694 616 744 ut
645 684 693 744 eis
715 684 834 761 prorni-

66 779 163 855 sisti,
193 779 227 839 in
250 797 380 839 omnem
403 780 525 842 inducti
549 792 625 842 sunt
647 784 833 844 veritatem:

66 878 113 937 ita
136 888 177 938 ut
198 878 299 938 totius
321 879 502 955 scripturae
520 889 673 956 caperent
695 879 833 956 plenitu-

66 975 196 1035 dinem.
227 975 266 1036 Et
287 987 374 1038 tanto
397 979 500 1054 magis
515 979 702 1039 admiranda
718 995 856 1039 eorums

65 1073 284 1149 praedicatio,
300 1084 331 1135 et
346 1075 466 1136 certior
480 1076 529 1135 eis
545 1075 627 1137 fides
637 1076 833 1152 adhibenda;

66 1180 196 1244 quanto
226 1171 338 1231 verius
367 1181 510 1248 constat,
537 1175 623 1250 quod
652 1183 739 1235 tanta
767 1191 833 1234 ma-

66 1271 181 1345 gnalia
205 1288 245 1331 ex
267 1288 303 1331 se
322 1271 403 1346 ipsis
425 1272 611 1333 nullatenus
634 1280 832 1348 patrassent:

66 1367 137 1428 nisi
162 1385 221 1429 eos
243 1369 562 1445 omnipotentissima
581 1388 697 1430 manus
713 1380 767 1431 tua
782 1388 832 1430 ro-

68 1465 241 1542 borasset;
257 1484 330 1526 curn
347 1468 480 1528 omnino
496 1468 632 1528 arduum
648 1467 692 1527 sit
707 1478 738 1529 et
753 1485 831 1528 vere
844 1487 868 1526 10

70 1579 158 1638 opus
180 1564 345 1624 divinum:
367 1565 471 1625 sacris
493 1565 568 1625 fidei
586 1566 713 1642 legibus
728 1577 830 1626 toturn

70 1661 263 1721 subdidisse
285 1663 453 1723 mundum.

114 1759 144 1820 O
168 1760 329 1836 sapientia
345 1761 406 1821 Dei
429 1778 512 1838 quae
535 1779 575 1822 ex
597 1779 653 1822 ore
669 1761 830 1823 Altissimi

71 1858 230 1934 prodisti;
252 1869 371 1936 quanta
393 1876 450 1934 pro
466 1869 578 1920 nostra
599 1860 703 1922 salute
719 1861 830 1937 egisti:

70 1966 108 2016 ut
130 1957 210 2017 illuc
232 1974 293 2017 nos
316 1973 503 2033 revocares,
533 1958 618 2018 unde
641 1959 829 2018 cecidimus.
842 1979 866 2018 15

73 2054 280 2115 Praemisisti
299 2056 498 2131 patriarchas
515 2066 546 2117 et
561 2058 752 2132 propbetas:
775 2056 829 2134 qui

70 2160 165 2211 tuum
208 2153 304 2213 nobis
346 2154 520 2214 adventurn
557 2156 831 2230 praenuntiarent.

71 2249 203 2309 Dehinc
232 2252 397 2326 apostolos
427 2263 459 2312 et
487 2252 705 2328 evangelistas
733 2253 831 2314 desti-

69 2349 173 2408 nasti:
196 2349 251 2425 qui
275 2348 385 2408 omnia
400 2366 474 2409 esse
490 2350 651 2426 completa
666 2350 831 2410 docerent.

71 2444 100 2506 Ο
131 2445 310 2505 ineffabilis
339 2445 563 2506 misericordia
592 2456 646 2507 tua
674 2448 867 2508 Dominezzo

70 2560 156 2618 quae
184 2560 284 2620 supra
310 2543 342 2603 id
366 2561 463 2620 quarn
494 2544 625 2620 cogitari
649 2554 756 2621 potest
777 2545 831 2606 de-

70 2641 191 2702 clarata
214 2651 273 2702 est.
317 2641 400 2701 Nam
429 2643 617 2702 nescientes
638 2652 670 2703 te
692 2644 831 2705 sollicite

70 2737 247 2815 quaesisti:
277 2738 468 2798 deserentes
495 2749 526 2799 te
553 2756 619 2799 non
639 2740 831 2816 deseruisti;

70 2835 285 2911 peccantibus
307 2835 364 2894 tibi
386 2834 622 2912 benignissime
649 2838 829 2898 indulsisti:

70 2933 199 2993 aversis
235 2932 364 3009 longius
395 2951 413 2992 a
450 2942 496 3010 te,
532 2934 616 2994 viam
658 2935 867 2999 ostendistizs

70 3042 225 3092 aeternae
255 3031 378 3093 salutis.
422 3031 455 3092 Si
483 3042 547 3093 tam
570 3032 644 3108 pius
667 3034 772 3094 factus
794 3052 830 3094 es

71 3129 234 3204 inimicis3
250 3129 327 3206 quid
343 3129 409 3189 eris
424 3130 566 3190 amicis?
602 3130 703 3193 Certe
721 3133 831 3193 omnia

72 3228 105 3287 in
128 3228 300 3302 omnibus,
329 3237 364 3287 ut
392 3228 437 3288 nil
460 3229 545 3289 desit
566 3240 674 3289 tecum
698 3231 830 3305 epulan-

73 3325 159 3386 tibus
182 3336 215 3386 et
235 3324 452 3402 gaudentibus
474 3326 507 3384 in
530 3343 629 3402 regno
647 3327 752 3387 Patris
773 3327 829 3388 tui.

73 3420 190 3481 Amen.
838 3449 866 3489 ao
