2114 4168
218 427 339 478 m
365 425 540 469 ortationes
556 427 595 468 oe
610 426 687 469 Attis
702 426 832 470 snucrls
857 427 978 480 mse)

218 560 424 636 praedicares
438 570 471 620 et
484 560 708 620 testimouium
724 560 980 620 resurrectionis

220 657 294 718 lesu
323 657 449 720 Christi
480 675 597 735 magna
623 659 744 718 virtute
772 659 977 735 perhiberes.

218 754 266 814 Tu
288 756 403 831 spiritu
427 756 627 817 fortitudinis
647 757 782 818 indutus
803 767 837 816 et
853 755 979 832 patien-

219 853 282 912 tiae
310 853 415 930 clipeo
443 855 669 930 praemunitus
696 871 758 914 nec
785 853 977 931 pontificum

195 951 341 1026 ⁵minas‚
367 968 428 1011 nec
454 952 700 1028 magistratuum
722 951 900 1028 potentiam
924 967 979 1011 ex·

219 1049 352 1125 pavisti:
380 1050 438 1109 sed
461 1051 523 1110 Dei
545 1050 784 1111 oboedientiam
815 1049 978 1109 mandatis

219 1146 401 1223 principum
430 1150 610 1224 praetulisti
633 1149 759 1226 eligens
787 1147 898 1224 potius
920 1164 977 1222 pro

219 1245 352 1305 nomine
368 1245 442 1304 lesu
459 1247 690 1306 contumeliam
712 1247 788 1324 pati,
810 1262 977 1305 carcerem

219 1360 349 1419 quoque
371 1361 408 1402 ac
428 1354 566 1404 mortem
581 1343 703 1419 subire,
724 1360 822 1420 quam
838 1344 977 1404 verbum

184 1450 210 1491 1⁰
220 1441 281 1500 Dei
304 1458 413 1501 coram
435 1441 530 1517 plebe
552 1442 701 1502 reticere.

259 1537 307 1598 Tu
316 1538 438 1614 Spiritu
447 1549 560 1598 sancto
570 1539 750 1616 inspirante
761 1557 820 1616 per
829 1538 979 1599 diversas

219 1635 370 1712 regiones
385 1637 589 1712 evangelium
606 1637 775 1697 seminasti
791 1653 828 1695 ac
844 1636 977 1727 tandem

219 1733 354 1795 Christo
382 1733 439 1794 tibi
468 1744 643 1810 apparente
665 1735 704 1795 ad
727 1734 851 1794 Indiam
881 1735 978 1810 longe

219 1831 431 1892 transmissus
441 1848 488 1891 es.
503 1831 566 1891 Vbi
577 1832 754 1892 maximum
766 1832 909 1892 fructum
922 1847 980 1908 po·

184 1928 980 2005 15pulorumDominoacquisistimultisgloriosis

219 2027 321 2103 signis
343 2038 376 2087 et
396 2027 553 2104 prodigiis
568 2029 788 2104 evangelicam
804 2027 980 2088 veritatem

219 2123 451 2184 confirmando.
485 2124 533 2184 Tu
555 2124 666 2185 divina
686 2124 891 2202 providentia
913 2125 982 2184 dis-

219 2231 360 2298 ponente
381 2232 448 2282 tres
470 2231 601 2283 sanctos
622 2239 717 2299 reges
743 2239 856 2298 magos
878 2238 983 2282 vene-

220 2320 348 2396 randos,
371 2319 427 2396 qui
450 2319 621 2381 Christum
644 2330 754 2381 natum
777 2321 872 2380 stella
892 2320 983 2381 duce

183 2417 450 2494 uvisitaverunt,
489 2418 729 2494 perfectissime
769 2417 809 2477 de
850 2417 984 2478 actibus

220 2512 363 2589 Christi,
394 2515 433 2575 de
461 2515 614 2592 passione
644 2515 715 2574 eius
744 2532 781 2574 ac
811 2532 984 2575 resurrec-

219 2610 307 2670 tione
338 2622 434 2688 atque
465 2612 505 2672 de
536 2613 663 2673 cunctis
697 2612 771 2672 lidei
808 2613 983 2690 mysteriis

219 2707 419 2784 informasti,
459 2726 541 2785 quos
581 2720 613 2770 et
652 2709 735 2771 sacri
774 2710 984 2787 baptismatis

220 2805 309 2866 fonte
331 2807 457 2866 ablutos
479 2817 511 2868 et
532 2807 565 2867 in
589 2808 724 2870 Christo
746 2817 878 2868 renatos
905 2826 982 2886 pro·

183 2903 349 2965 asliciente
366 2904 426 2964 Dei
448 2906 550 2982 gratia
571 2906 604 2966 in
622 2906 809 2966 sacerdotes
825 2915 857 2965 et
873 2907 982 2966 archi-

220 3002 388 3077 praesules
409 3003 526 3063 devote
548 3004 757 3065 consecrasti.
794 3004 842 3064 Tu
865 3005 982 3080 plures

220 3116 278 3175 per
293 3099 416 3159 Indiam
439 3099 597 3160 ecclesias
619 3117 692 3160 cunr
709 3101 836 3162 idoneis
857 3111 889 3161 et
904 3119 981 3178 pro-

219 3196 397 3258 batissimis
421 3197 461 3256 ad
482 3198 712 3258 celebrandurn
742 3198 903 3259 ministris
930 3199 980 3260 in-

220 3294 352 3355 stituisti
375 3305 407 3355 et
422 3295 672 3371 praedicationis
687 3298 787 3357 verbo
803 3296 981 3374 diligenter

183 3390 401 3452 aoinsistendo
424 3409 485 3468 ope
507 3391 603 3453 etiam
626 3392 803 3452 curationis
831 3393 977 3454 lidelium

221 3487 346 3546 animos
369 3497 403 3548 ut
424 3489 498 3564 pius
519 3498 630 3566 pastor
650 3506 668 3548 a
687 3491 827 3550 terrenis
849 3492 890 3552 ad
905 3509 977 3552 cae·

576 3592 616 3633 aaa
