<?xml version="1.0" encoding="UTF-8"?>
<!DOCTYPE html PUBLIC "-//W3C//DTD XHTML 1.0 Transitional//EN"
    "http://www.w3.org/TR/xhtml1/DTD/xhtml1-transitional.dtd">
<html xmlns="http://www.w3.org/1999/xhtml" xml:lang="en" lang="en">
 <head>
  <title>
</title>
<meta http-equiv="Content-Type" content="text/html;charset=utf-8" />
  <meta name='ocr-system' content='tesseract 3.04.00' />
  <meta name='ocr-capabilities' content='ocr_page ocr_carea ocr_par ocr_line ocrx_word'/>
</head>
<body>
  <div class='ocr_page' id='page_1' title='image "./thomaehemerkena01pohlgoog_0124.png"; bbox 0 0 2144 4194; ppageno 0'>
   <div class='ocr_carea' id='block_1_1' title="bbox 81 465 845 519">
    <p class='ocr_par' dir='ltr' id='par_1_1' title="bbox 81 465 845 519">
     <span class='ocr_line' id='line_1_1' title="bbox 81 465 845 519; baseline -0.001 0"><span class='ocrx_word' id='word_1_1' title='bbox 81 465 409 518; x_wconf 51' lang='lat' dir='ltr'>mmmm</span> <span class='ocrx_word' id='word_1_2' title='bbox 453 467 483 517; x_wconf 83' lang='lat'>[8]</span> <span class='ocrx_word' id='word_1_3' title='bbox 524 467 845 519; x_wconf 49' lang='lat' dir='ltr'>&amp;mommo</span> 
     </span>
    </p>
   </div>
   <div class='ocr_carea' id='block_1_2' title="bbox 80 599 881 2048">
    <p class='ocr_par' dir='ltr' id='par_1_2' title="bbox 80 599 881 2048">
     <span class='ocr_line' id='line_1_2' title="bbox 80 599 845 676; baseline 0.005 -18"><span class='ocrx_word' id='word_1_4' title='bbox 80 599 293 674; x_wconf 84' lang='lat' dir='ltr'>transissem,</span> <span class='ocrx_word' id='word_1_5' title='bbox 308 609 340 659; x_wconf 89' lang='lat' dir='ltr'>et</span> <span class='ocrx_word' id='word_1_6' title='bbox 349 599 439 676; x_wconf 89' lang='lat' dir='ltr'>ipsos</span> <span class='ocrx_word' id='word_1_7' title='bbox 450 609 598 676; x_wconf 88' lang='lat' dir='ltr'>pastores</span> <span class='ocrx_word' id='word_1_8' title='bbox 609 600 637 659; x_wconf 90' lang='lat' dir='ltr'>si</span> <span class='ocrx_word' id='word_1_9' title='bbox 653 601 845 676; x_wconf 90' lang='lat' dir='ltr'>potuissem,</span> 
     </span>
     <span class='ocr_line' id='line_1_3' title="bbox 81 697 844 773; baseline 0.003 -16"><span class='ocrx_word' id='word_1_10' title='bbox 81 697 185 758; x_wconf 89' lang='lat' dir='ltr'>citius</span> <span class='ocrx_word' id='word_1_11' title='bbox 207 697 523 773; x_wconf 85' lang='lat' dir='ltr'>praecucurrissem:</span> <span class='ocrx_word' id='word_1_12' title='bbox 546 707 581 758; x_wconf 87' lang='lat' dir='ltr'>ut</span> <span class='ocrx_word' id='word_1_13' title='bbox 603 697 650 758; x_wconf 87' lang='lat' dir='ltr'>sic</span> <span class='ocrx_word' id='word_1_14' title='bbox 667 699 844 759; x_wconf 90' lang='lat' dir='ltr'>Dominum</span> 
     </span>
     <span class='ocr_line' id='line_1_4' title="bbox 82 794 844 871; baseline 0.003 -15"><span class='ocrx_word' id='word_1_15' title='bbox 82 813 199 856; x_wconf 87' lang='lat' dir='ltr'>meum</span> <span class='ocrx_word' id='word_1_16' title='bbox 222 804 343 869; x_wconf 86' lang='lat' dir='ltr'>natum,</span> <span class='ocrx_word' id='word_1_17' title='bbox 365 794 490 871; x_wconf 88' lang='lat' dir='ltr'>primus</span> <span class='ocrx_word' id='word_1_18' title='bbox 510 796 622 855; x_wconf 90' lang='lat' dir='ltr'>videre</span> <span class='ocrx_word' id='word_1_19' title='bbox 638 797 844 858; x_wconf 86' lang='lat' dir='ltr'>meruissem.</span> 
     </span>
     <span class='ocr_line' id='line_1_5' title="bbox 82 893 843 971; baseline 0.001 -18"><span class='ocrx_word' id='word_1_20' title='bbox 82 894 123 953; x_wconf 90' lang='lat' dir='ltr'>Et</span> <span class='ocrx_word' id='word_1_21' title='bbox 148 893 178 953; x_wconf 90' lang='lat' dir='ltr'>si</span> <span class='ocrx_word' id='word_1_22' title='bbox 201 893 247 952; x_wconf 89' lang='lat' dir='ltr'>iili</span> <span class='ocrx_word' id='word_1_23' title='bbox 271 902 515 953; x_wconf 87' lang='lat' dir='ltr'>reverterentur</span> <span class='ocrx_word' id='word_1_24' title='bbox 529 894 568 953; x_wconf 86' lang='lat' dir='ltr'>ad</span> <span class='ocrx_word' id='word_1_25' title='bbox 582 910 714 971; x_wconf 85' lang='lat' dir='ltr'><strong>gregem</strong></span> <span class='ocrx_word' id='word_1_26' title='bbox 731 912 843 954; x_wconf 91' lang='lat' dir='ltr'>suum:</span> 
     </span>
     <span class='ocr_line' id='line_1_6' title="bbox 80 991 867 1067; baseline -0.003 -17"><span class='ocrx_word' id='word_1_27' title='bbox 80 1007 145 1067; x_wconf 85' lang='lat' dir='ltr'>ego</span> <span class='ocrx_word' id='word_1_28' title='bbox 184 1000 292 1050; x_wconf 85' lang='lat' dir='ltr'>tamen</span> <span class='ocrx_word' id='word_1_29' title='bbox 328 991 585 1066; x_wconf 85' lang='lat' dir='ltr'>permansissem</span> <span class='ocrx_word' id='word_1_30' title='bbox 621 992 705 1067; x_wconf 89' lang='lat' dir='ltr'>apud</span> <span class='ocrx_word' id='word_1_31' title='bbox 737 993 867 1052; x_wconf 84' lang='lat' dir='ltr'>Deums</span> 
     </span>
     <span class='ocr_line' id='line_1_7' title="bbox 81 1088 844 1166; baseline 0.001 -17"><span class='ocrx_word' id='word_1_32' title='bbox 81 1105 237 1166; x_wconf 91' lang='lat' dir='ltr'>puerum.</span> <span class='ocrx_word' id='word_1_33' title='bbox 280 1088 473 1148; x_wconf 82' lang='lat' dir='ltr'>Maluissem</span> <span class='ocrx_word' id='word_1_34' title='bbox 504 1105 619 1149; x_wconf 90' lang='lat' dir='ltr'>omnes</span> <span class='ocrx_word' id='word_1_35' title='bbox 646 1106 725 1149; x_wconf 90' lang='lat' dir='ltr'>oves</span> <span class='ocrx_word' id='word_1_36' title='bbox 747 1090 844 1150; x_wconf 86' lang='lat' dir='ltr'>relin-</span> 
     </span>
     <span class='ocr_line' id='line_1_8' title="bbox 82 1186 845 1264; baseline 0.004 -18"><span class='ocrx_word' id='word_1_37' title='bbox 82 1203 208 1264; x_wconf 87' lang='lat' dir='ltr'>quere:</span> <span class='ocrx_word' id='word_1_38' title='bbox 230 1203 326 1262; x_wconf 85' lang='lat' dir='ltr'>quam</span> <span class='ocrx_word' id='word_1_39' title='bbox 344 1186 452 1247; x_wconf 91' lang='lat' dir='ltr'>Iesum</span> <span class='ocrx_word' id='word_1_40' title='bbox 469 1204 578 1247; x_wconf 89' lang='lat' dir='ltr'>meum</span> <span class='ocrx_word' id='word_1_41' title='bbox 598 1188 769 1262; x_wconf 89' lang='lat' dir='ltr'>deserere;</span> <span class='ocrx_word' id='word_1_42' title='bbox 791 1199 845 1249; x_wconf 85' lang='lat' dir='ltr'>aut</span> 
     </span>
     <span class='ocr_line' id='line_1_9' title="bbox 81 1285 844 1361; baseline -0.003 -15"><span class='ocrx_word' id='word_1_43' title='bbox 81 1286 186 1346; x_wconf 86' lang='lat' dir='ltr'>etiam</span> <span class='ocrx_word' id='word_1_44' title='bbox 202 1293 303 1344; x_wconf 88' lang='lat' dir='ltr'>totum</span> <span class='ocrx_word' id='word_1_45' title='bbox 318 1301 450 1361; x_wconf 85' lang='lat' dir='ltr'>gregem</span> <span class='ocrx_word' id='word_1_46' title='bbox 467 1285 627 1345; x_wconf 90' lang='lat' dir='ltr'>vendere:</span> <span class='ocrx_word' id='word_1_47' title='bbox 643 1294 678 1344; x_wconf 87' lang='lat' dir='ltr'>ut</span> <span class='ocrx_word' id='word_1_48' title='bbox 693 1285 768 1344; x_wconf 89' lang='lat' dir='ltr'>inde</span> <span class='ocrx_word' id='word_1_49' title='bbox 781 1286 844 1345; x_wconf 90' lang='lat' dir='ltr'>Do-</span> 
     </span>
     <span class='ocr_line' id='line_1_10' title="bbox 82 1382 844 1459; baseline 0.001 -17"><span class='ocrx_word' id='word_1_50' title='bbox 82 1383 215 1442; x_wconf 89' lang='lat' dir='ltr'>minum</span> <span class='ocrx_word' id='word_1_51' title='bbox 237 1399 346 1442; x_wconf 90' lang='lat' dir='ltr'>meum</span> <span class='ocrx_word' id='word_1_52' title='bbox 363 1400 436 1442; x_wconf 92' lang='lat' dir='ltr'>cum</span> <span class='ocrx_word' id='word_1_53' title='bbox 453 1399 513 1442; x_wconf 88' lang='lat' dir='ltr'>sua</span> <span class='ocrx_word' id='word_1_54' title='bbox 528 1382 650 1443; x_wconf 84' lang='lat' dir='ltr'>familia</span> <span class='ocrx_word' id='word_1_55' title='bbox 665 1401 844 1459; x_wconf 86' lang='lat' dir='ltr'>pascerem.</span> 
     </span>
     <span class='ocr_line' id='line_1_11' title="bbox 83 1480 881 1556; baseline -0.004 -16"><span class='ocrx_word' id='word_1_56' title='bbox 83 1480 156 1540; x_wconf 88' lang='lat' dir='ltr'>Sed</span> <span class='ocrx_word' id='word_1_57' title='bbox 178 1497 242 1540; x_wconf 91' lang='lat' dir='ltr'>non</span> <span class='ocrx_word' id='word_1_58' title='bbox 262 1489 312 1540; x_wconf 91' lang='lat' dir='ltr'>est</span> <span class='ocrx_word' id='word_1_59' title='bbox 328 1481 480 1540; x_wconf 91' lang='lat' dir='ltr'>omnibus</span> <span class='ocrx_word' id='word_1_60' title='bbox 495 1481 615 1556; x_wconf 87' lang='lat' dir='ltr'>datum,</span> <span class='ocrx_word' id='word_1_61' title='bbox 636 1481 749 1542; x_wconf 88' lang='lat' dir='ltr'>videre</span> <span class='ocrx_word' id='word_1_62' title='bbox 764 1482 844 1541; x_wconf 90' lang='lat' dir='ltr'>Ver·</span> <span class='ocrx_word' id='word_1_63' title='bbox 856 1497 881 1537; x_wconf 83' lang='grc' dir='ltr'>ιο</span> 
     </span>
     <span class='ocr_line' id='line_1_12' title="bbox 81 1579 845 1640; baseline 0.003 -2"><span class='ocrx_word' id='word_1_64' title='bbox 81 1580 167 1638; x_wconf 92' lang='lat' dir='ltr'>bum</span> <span class='ocrx_word' id='word_1_65' title='bbox 190 1579 250 1638; x_wconf 90' lang='lat' dir='ltr'>Dei</span> <span class='ocrx_word' id='word_1_66' title='bbox 273 1579 493 1639; x_wconf 86' lang='lat' dir='ltr'>incarnatum:</span> <span class='ocrx_word' id='word_1_67' title='bbox 516 1587 548 1638; x_wconf 87' lang='lat' dir='ltr'>et</span> <span class='ocrx_word' id='word_1_68' title='bbox 570 1588 634 1638; x_wconf 86' lang='lat' dir='ltr'>tam</span> <span class='ocrx_word' id='word_1_69' title='bbox 652 1579 845 1640; x_wconf 89' lang='lat' dir='ltr'>innocenter</span> 
     </span>
     <span class='ocr_line' id='line_1_13' title="bbox 82 1675 844 1752; baseline 0.003 -16"><span class='ocrx_word' id='word_1_70' title='bbox 82 1678 117 1737; x_wconf 92' lang='lat' dir='ltr'>in</span> <span class='ocrx_word' id='word_1_71' title='bbox 138 1677 309 1752; x_wconf 87' lang='lat' dir='ltr'>praesepio</span> <span class='ocrx_word' id='word_1_72' title='bbox 324 1677 528 1736; x_wconf 86' lang='lat' dir='ltr'>collocatum.</span> <span class='ocrx_word' id='word_1_73' title='bbox 557 1675 721 1737; x_wconf 88' lang='lat' dir='ltr'>Omnibus</span> <span class='ocrx_word' id='word_1_74' title='bbox 735 1687 844 1738; x_wconf 86' lang='lat' dir='ltr'>tamen</span> 
     </span>
     <span class='ocr_line' id='line_1_14' title="bbox 82 1774 844 1852; baseline 0.001 -17"><span class='ocrx_word' id='word_1_75' title='bbox 82 1793 146 1852; x_wconf 94' lang='lat' dir='ltr'>pro</span> <span class='ocrx_word' id='word_1_76' title='bbox 169 1792 255 1834; x_wconf 90' lang='lat' dir='ltr'>nunc</span> <span class='ocrx_word' id='word_1_77' title='bbox 278 1785 327 1834; x_wconf 93' lang='lat' dir='ltr'>est</span> <span class='ocrx_word' id='word_1_78' title='bbox 347 1774 579 1850; x_wconf 89' lang='lat' dir='ltr'>praedicatum,</span> <span class='ocrx_word' id='word_1_79' title='bbox 602 1784 634 1834; x_wconf 88' lang='lat' dir='ltr'>et</span> <span class='ocrx_word' id='word_1_80' title='bbox 649 1776 706 1836; x_wconf 87' lang='lat' dir='ltr'>toti</span> <span class='ocrx_word' id='word_1_81' title='bbox 723 1777 844 1836; x_wconf 91' lang='lat' dir='ltr'>mundo</span> 
     </span>
     <span class='ocr_line' id='line_1_15' title="bbox 82 1871 845 1949; baseline 0.001 -17"><span class='ocrx_word' id='word_1_82' title='bbox 82 1873 306 1949; x_wconf 86' lang='lat' dir='ltr'>propalatum:</span> <span class='ocrx_word' id='word_1_83' title='bbox 321 1871 365 1931; x_wconf 89' lang='lat' dir='ltr'>ita</span> <span class='ocrx_word' id='word_1_84' title='bbox 379 1879 414 1931; x_wconf 92' lang='lat' dir='ltr'>ut</span> <span class='ocrx_word' id='word_1_85' title='bbox 430 1871 457 1931; x_wconf 92' lang='lat' dir='ltr'>si</span> <span class='ocrx_word' id='word_1_86' title='bbox 470 1872 544 1949; x_wconf 90' lang='lat' dir='ltr'>quis</span> <span class='ocrx_word' id='word_1_87' title='bbox 555 1873 690 1932; x_wconf 90' lang='lat' dir='ltr'>credere</span> <span class='ocrx_word' id='word_1_88' title='bbox 704 1873 845 1934; x_wconf 85' lang='lat' dir='ltr'>voluerit</span> 
     </span>
     <span class='ocr_line' id='line_1_16' title="bbox 83 1970 880 2048; baseline -0.003 -18"><span class='ocrx_word' id='word_1_89' title='bbox 83 1979 117 2030; x_wconf 88' lang='lat' dir='ltr'>et</span> <span class='ocrx_word' id='word_1_90' title='bbox 143 1970 259 2029; x_wconf 86' lang='lat' dir='ltr'>salvari</span> <span class='ocrx_word' id='word_1_91' title='bbox 282 1970 421 2046; x_wconf 88' lang='lat' dir='ltr'>petierit,</span> <span class='ocrx_word' id='word_1_92' title='bbox 444 1980 540 2047; x_wconf 86' lang='lat' dir='ltr'>atque</span> <span class='ocrx_word' id='word_1_93' title='bbox 562 1971 689 2048; x_wconf 89' lang='lat' dir='ltr'>integro</span> <span class='ocrx_word' id='word_1_94' title='bbox 709 1982 741 2031; x_wconf 87' lang='lat' dir='ltr'>et</span> <span class='ocrx_word' id='word_1_95' title='bbox 762 1989 843 2047; x_wconf 92' lang='lat' dir='ltr'>puro</span> <span class='ocrx_word' id='word_1_96' title='bbox 855 1987 880 2028; x_wconf 86' lang='lat'>15</span> 
     </span>
    </p>
   </div>
   <div class='ocr_carea' id='block_1_3' title="bbox 83 2067 935 2438">
    <p class='ocr_par' dir='ltr' id='par_1_3' title="bbox 83 2067 935 2438">
     <span class='ocr_line' id='line_1_17' title="bbox 84 2067 843 2145; baseline 0.004 -19"><span class='ocrx_word' id='word_1_97' title='bbox 84 2067 188 2127; x_wconf 91' lang='lat' dir='ltr'>corde</span> <span class='ocrx_word' id='word_1_98' title='bbox 199 2067 335 2126; x_wconf 86' lang='lat' dir='ltr'>adhunc</span> <span class='ocrx_word' id='word_1_99' title='bbox 346 2084 483 2142; x_wconf 91' lang='lat' dir='ltr'>puerum</span> <span class='ocrx_word' id='word_1_100' title='bbox 495 2069 843 2145; x_wconf 83' lang='lat' dir='ltr'>accesserit30mnium</span> 
     </span>
     <span class='ocr_line' id='line_1_18' title="bbox 83 2167 935 2241; baseline 0.007 -18"><span class='ocrx_word' id='word_1_101' title='bbox 83 2173 296 2241; x_wconf 86' lang='lat' dir='ltr'>peccatorum</span> <span class='ocrx_word' id='word_1_102' title='bbox 325 2182 459 2224; x_wconf 92' lang='lat' dir='ltr'>suorum</span> <span class='ocrx_word' id='word_1_103' title='bbox 489 2167 716 2227; x_wconf 90' lang='lat' dir='ltr'>remissionem</span> <span class='ocrx_word' id='word_1_104' title='bbox 744 2168 783 2228; x_wconf 88' lang='lat' dir='ltr'>ab</span> <span class='ocrx_word' id='word_1_105' title='bbox 805 2185 844 2229; x_wconf 90' lang='lat' dir='ltr'>eo</span> <span class='ocrx_word' id='word_1_106' title='bbox 932 2188 935 2195; x_wconf 93' lang='lat'>·</span> 
     </span>
     <span class='ocr_line' id='line_1_19' title="bbox 84 2262 844 2341; baseline 0.007 -19"><span class='ocrx_word' id='word_1_107' title='bbox 84 2262 240 2339; x_wconf 84' lang='lat' dir='ltr'>accipiet:</span> <span class='ocrx_word' id='word_1_108' title='bbox 251 2273 283 2324; x_wconf 90' lang='lat' dir='ltr'>et</span> <span class='ocrx_word' id='word_1_109' title='bbox 294 2263 392 2324; x_wconf 87' lang='lat' dir='ltr'>vitam</span> <span class='ocrx_word' id='word_1_110' title='bbox 404 2275 569 2324; x_wconf 85' lang='lat' dir='ltr'>aeternam</span> <span class='ocrx_word' id='word_1_111' title='bbox 581 2267 749 2341; x_wconf 89' lang='lat' dir='ltr'>posthanc</span> <span class='ocrx_word' id='word_1_112' title='bbox 760 2284 844 2327; x_wconf 94' lang='lat' dir='ltr'>mor·</span> 
     </span>
     <span class='ocr_line' id='line_1_20' title="bbox 83 2360 843 2438; baseline 0.008 -18"><span class='ocrx_word' id='word_1_113' title='bbox 83 2360 243 2421; x_wconf 85' lang='lat' dir='ltr'>talitatem</span> <span class='ocrx_word' id='word_1_114' title='bbox 260 2362 332 2438; x_wconf 93' lang='lat' dir='ltr'>ipso</span> <span class='ocrx_word' id='word_1_115' title='bbox 348 2361 488 2421; x_wconf 87' lang='lat' dir='ltr'>donante</span> <span class='ocrx_word' id='word_1_116' title='bbox 504 2362 693 2438; x_wconf 87' lang='lat' dir='ltr'>possidebit.</span> <span class='ocrx_word' id='word_1_117' title='bbox 727 2363 843 2426; x_wconf 76' lang='lat' dir='ltr'>Amen.</span> 
     </span>
    </p>
   </div>
   <div class='ocr_carea' id='block_1_4' title="bbox 167 2539 880 2699">
    <p class='ocr_par' dir='ltr' id='par_1_4' title="bbox 167 2539 880 2699">
     <span class='ocr_line' id='line_1_21' title="bbox 167 2539 880 2607; baseline 0.011 -9"><span class='ocrx_word' id='word_1_118' title='bbox 167 2539 224 2598; x_wconf 90' lang='lat' dir='ltr'>DE</span> <span class='ocrx_word' id='word_1_119' title='bbox 247 2539 482 2601; x_wconf 85' lang='lat' dir='ltr'>DESIDERIO</span> <span class='ocrx_word' id='word_1_120' title='bbox 505 2541 689 2601; x_wconf 88' lang='lat' dir='ltr'>VIDENDI</span> <span class='ocrx_word' id='word_1_121' title='bbox 715 2541 765 2600; x_wconf 88' lang='lat' dir='ltr'>ET</span> <span class='ocrx_word' id='word_1_122' title='bbox 853 2566 880 2607; x_wconf 86' lang='lat'>20</span> 
     </span>
     <span class='ocr_line' id='line_1_22' title="bbox 254 2636 680 2699; baseline 0 -1"><span class='ocrx_word' id='word_1_123' title='bbox 254 2636 510 2699; x_wconf 75' lang='lat' dir='ltr'>OSCVLANDI</span> <span class='ocrx_word' id='word_1_124' title='bbox 535 2638 680 2698; x_wconf 85' lang='lat' dir='ltr'>IESVM.</span> 
     </span>
    </p>
   </div>
   <div class='ocr_carea' id='block_1_5' title="bbox 426 2751 508 2814">
    <p class='ocr_par' dir='ltr' id='par_1_5' title="bbox 426 2751 508 2814">
     <span class='ocr_line' id='line_1_23' title="bbox 426 2751 508 2814; baseline 0.012 -16"><span class='ocrx_word' id='word_1_125' title='bbox 426 2751 508 2814; x_wconf 87' lang='lat' dir='ltr'>[vm]</span> 
     </span>
    </p>
   </div>
   <div class='ocr_carea' id='block_1_6' title="bbox 83 2792 880 3414">
    <p class='ocr_par' dir='ltr' id='par_1_6' title="bbox 83 2792 880 3414">
     <span class='ocr_line' id='line_1_24' title="bbox 84 2792 845 3010; baseline 0.004 -101"><span class='ocrx_word' id='word_1_126' title='bbox 84 2792 319 3010; x_wconf 48' lang='lat' dir='ltr'>Quande</span> <span class='ocrx_word' id='word_1_127' title='bbox 334 2851 413 2910; x_wconf 84' lang='lat' dir='ltr'>mihi</span> <span class='ocrx_word' id='word_1_128' title='bbox 421 2853 543 2928; x_wconf 87' lang='lat' dir='ltr'>sociem</span> <span class='ocrx_word' id='word_1_129' title='bbox 558 2857 666 2911; x_wconf 86' lang='lat' dir='ltr'>tuom:</span> <span class='ocrx_word' id='word_1_130' title='bbox 679 2858 772 2912; x_wconf 82' lang='lat' dir='ltr'>sonet</span> <span class='ocrx_word' id='word_1_131' title='bbox 785 2870 845 2912; x_wconf 87' lang='lat' dir='ltr'>vox</span> 
     </span>
     <span class='ocr_line' id='line_1_25' title="bbox 88 2949 844 3010; baseline 0.003 -2"><span class='ocrx_word' id='word_1_132' title='bbox 88 2968 117 3009; x_wconf 58' lang='lat' dir='ltr'>rs</span> <span class='ocrx_word' id='word_1_133' title='bbox 230 2953 287 3009; x_wconf 76' lang='lat' dir='ltr'>tuo</span> <span class='ocrx_word' id='word_1_134' title='bbox 316 2949 504 3009; x_wconf 82' lang='lat' dir='ltr'>inauribus</span> <span class='ocrx_word' id='word_1_135' title='bbox 532 2951 619 3009; x_wconf 88' lang='lat' dir='ltr'>meis.</span> <span class='ocrx_word' id='word_1_136' title='bbox 668 2951 731 3009; x_wconf 87' lang='lat' dir='ltr'>Vox</span> <span class='ocrx_word' id='word_1_137' title='bbox 759 2951 844 3010; x_wconf 84' lang='lat' dir='ltr'>enim</span> 
     </span>
     <span class='ocr_line' id='line_1_26' title="bbox 83 3045 880 3124; baseline 0.008 -19"><span class='ocrx_word' id='word_1_138' title='bbox 83 3051 144 3105; x_wconf 81' lang='lat' dir='ltr'>tuo</span> <span class='ocrx_word' id='word_1_139' title='bbox 176 3045 280 3106; x_wconf 83' lang='lat' dir='ltr'>dulcis</span> <span class='ocrx_word' id='word_1_140' title='bbox 307 3051 339 3106; x_wconf 84' lang='lat' dir='ltr'>et</span> <span class='ocrx_word' id='word_1_141' title='bbox 359 3048 465 3124; x_wconf 84' lang='lat' dir='ltr'>socies</span> <span class='ocrx_word' id='word_1_142' title='bbox 493 3049 616 3108; x_wconf 83' lang='lat' dir='ltr'>decoro.</span> <span class='ocrx_word' id='word_1_143' title='bbox 647 3047 737 3108; x_wconf 89' lang='lat' dir='ltr'>Haec</span> <span class='ocrx_word' id='word_1_144' title='bbox 768 3060 880 3111; x_wconf 77' lang='lat' dir='ltr'>suntzs</span> 
     </span>
     <span class='ocr_line' id='line_1_27' title="bbox 85 3143 844 3228; baseline 0.005 -25"><span class='ocrx_word' id='word_1_145' title='bbox 85 3144 187 3204; x_wconf 85' lang='lat' dir='ltr'>verba</span> <span class='ocrx_word' id='word_1_146' title='bbox 209 3143 347 3204; x_wconf 86' lang='lat' dir='ltr'>amantis</span> <span class='ocrx_word' id='word_1_147' title='bbox 370 3145 511 3228; x_wconf 72' lang='lat' dir='ltr'>animae,</span> <span class='ocrx_word' id='word_1_148' title='bbox 538 3146 577 3205; x_wconf 86' lang='lat' dir='ltr'>ad</span> <span class='ocrx_word' id='word_1_149' title='bbox 600 3155 631 3205; x_wconf 87' lang='lat' dir='ltr'>te</span> <span class='ocrx_word' id='word_1_150' title='bbox 653 3146 844 3207; x_wconf 91' lang='lat' dir='ltr'>dulcissime</span> 
     </span>
     <span class='ocr_line' id='line_1_28' title="bbox 87 3231 843 3319; baseline 0.004 -18"><span class='ocrx_word' id='word_1_151' title='bbox 87 3242 164 3302; x_wconf 87' lang='lat' dir='ltr'>Iesu</span> <span class='ocrx_word' id='word_1_152' title='bbox 180 3240 324 3302; x_wconf 86' lang='lat' dir='ltr'>Christe.</span> <span class='ocrx_word' id='word_1_153' title='bbox 357 3242 421 3302; x_wconf 90' lang='lat' dir='ltr'>Sed</span> <span class='ocrx_word' id='word_1_154' title='bbox 436 3231 577 3303; x_wconf 65' lang='lat' dir='ltr'>obsecro</span> <span class='ocrx_word' id='word_1_155' title='bbox 597 3253 629 3304; x_wconf 88' lang='lat' dir='ltr'>te</span> <span class='ocrx_word' id='word_1_156' title='bbox 648 3261 731 3319; x_wconf 89' lang='lat' dir='ltr'>puer</span> <span class='ocrx_word' id='word_1_157' title='bbox 745 3245 843 3305; x_wconf 90' lang='lat' dir='ltr'>bone:</span> 
     </span>
     <span class='ocr_line' id='line_1_29' title="bbox 87 3339 843 3414; baseline 0.003 -15"><span class='ocrx_word' id='word_1_158' title='bbox 87 3349 123 3399; x_wconf 91' lang='lat' dir='ltr'>ut</span> <span class='ocrx_word' id='word_1_159' title='bbox 150 3339 231 3398; x_wconf 94' lang='lat' dir='ltr'>mihi</span> <span class='ocrx_word' id='word_1_160' title='bbox 261 3341 422 3414; x_wconf 88' lang='lat' dir='ltr'>peccatori</span> <span class='ocrx_word' id='word_1_161' title='bbox 452 3341 612 3401; x_wconf 89' lang='lat' dir='ltr'>concedas</span> <span class='ocrx_word' id='word_1_162' title='bbox 639 3341 735 3401; x_wconf 87' lang='lat' dir='ltr'>etiam</span> <span class='ocrx_word' id='word_1_163' title='bbox 763 3343 843 3402; x_wconf 86' lang='lat' dir='ltr'>haec</span> 
     </span>
    </p>
   </div>
   <div class='ocr_carea' id='block_1_7' title="bbox 86 3435 842 3515">
    <p class='ocr_par' dir='ltr' id='par_1_7' title="bbox 86 3435 842 3515">
     <span class='ocr_line' id='line_1_30' title="bbox 86 3435 842 3515; baseline 0.003 -19"><span class='ocrx_word' id='word_1_164' title='bbox 86 3436 187 3496; x_wconf 88' lang='lat' dir='ltr'>verba</span> <span class='ocrx_word' id='word_1_165' title='bbox 201 3435 234 3495; x_wconf 92' lang='lat' dir='ltr'>in</span> <span class='ocrx_word' id='word_1_166' title='bbox 248 3436 412 3496; x_wconf 91' lang='lat' dir='ltr'>desiderio</span> <span class='ocrx_word' id='word_1_167' title='bbox 423 3437 550 3498; x_wconf 86' lang='lat' dir='ltr'>animae</span> <span class='ocrx_word' id='word_1_168' title='bbox 561 3438 680 3498; x_wconf 91' lang='lat' dir='ltr'>dicere.</span> <span class='ocrx_word' id='word_1_169' title='bbox 704 3438 842 3515; x_wconf 91' lang='lat' dir='ltr'>Quando</span> 
     </span>
    </p>
   </div>
   <div class='ocr_carea' id='block_1_8' title="bbox 86 3534 880 3680">
    <p class='ocr_par' dir='ltr' id='par_1_8' title="bbox 86 3534 880 3680">
     <span class='ocr_line' id='line_1_31' title="bbox 86 3534 880 3613; baseline 0.005 -20"><span class='ocrx_word' id='word_1_170' title='bbox 86 3534 174 3594; x_wconf 92' lang='lat' dir='ltr'>enim</span> <span class='ocrx_word' id='word_1_171' title='bbox 197 3542 312 3611; x_wconf 93' lang='lat' dir='ltr'>potero</span> <span class='ocrx_word' id='word_1_172' title='bbox 335 3534 454 3609; x_wconf 85' lang='lat' dir='ltr'>satiari,</span> <span class='ocrx_word' id='word_1_173' title='bbox 477 3536 516 3595; x_wconf 91' lang='lat' dir='ltr'>de</span> <span class='ocrx_word' id='word_1_174' title='bbox 536 3546 568 3596; x_wconf 85' lang='lat' dir='ltr'>te</span> <span class='ocrx_word' id='word_1_175' title='bbox 583 3537 725 3613; x_wconf 86' lang='lat' dir='ltr'>cogitare</span> <span class='ocrx_word' id='word_1_176' title='bbox 748 3547 779 3597; x_wconf 89' lang='lat' dir='ltr'>et</span> <span class='ocrx_word' id='word_1_177' title='bbox 798 3538 880 3597; x_wconf 77' lang='lat' dir='ltr'>loao</span> 
     </span>
     <span class='ocr_line' id='line_1_32' title="bbox 448 3639 485 3680; baseline 0 0"><span class='ocrx_word' id='word_1_178' title='bbox 448 3639 485 3680; x_wconf 88' lang='grc'>107</span> 
     </span>
    </p>
   </div>
   <div class='ocr_carea' id='block_1_9' title="bbox 0 0 1084 4194">
    <p class='ocr_par' dir='ltr' id='par_1_9' title="bbox 0 0 1084 4194">
     <span class='ocr_line' id='line_1_33' title="bbox 0 0 1084 4194; baseline 0 0"><span class='ocrx_word' id='word_1_179' title='bbox 0 0 1084 4194; x_wconf 95' lang='lat' dir='ltr'> </span> 
     </span>
    </p>
   </div>
  </div>
 </body>
</html>
