2128 4190
202 422 243 473 ns
260 419 432 473 [saumones
445 419 483 462 ne
494 419 561 462 vira
572 419 608 462 er
620 419 768 463 PASSIONE
780 421 907 474 nomm]
922 423 962 473 ῃ)

244 554 273 616 O
305 572 384 615 cmx
415 553 616 630 splendidior
646 555 762 630 astris,
793 556 963 631 pulchrior
1056 520 1057 591 s

203 653 296 726 luna,
324 651 492 711 candidior
516 651 604 728 sole;
633 653 759 712 caelum
782 653 962 729 illustrans,

203 758 356 811 tartarum
392 758 585 826 penetrans,
620 750 798 810 daemones
835 751 962 828 fugans,
1055 749 1056 764 ¹

203 848 354 908 homines
370 857 555 925 protegens,
577 849 680 908 malos
696 858 834 924 terrens,
856 850 963 911 bonos

180 944 399 1006 slaetilicans:
421 947 582 1021 superbos
598 945 796 1021 deprimens,
818 946 962 1007 humiles

204 1044 358 1103 exaltans.
390 1042 521 1105 Ocrux
541 1043 692 1120 gloriosa,
714 1044 842 1121 signum
867 1045 963 1104 mira·
1055 1087 1056 1096 .

204 1141 284 1202 bile:
314 1142 469 1202 vexillum
492 1142 729 1217 insuperabile,
750 1151 879 1203 scutum
901 1142 962 1202 irn-

204 1239 414 1315 penetrabile.
437 1240 466 1302 Ο
481 1240 575 1300 dulce
591 1240 714 1317 lignum
731 1241 819 1300 omni
836 1242 962 1301 honore
1056 1234 1057 1259 ³

204 1335 356 1414 dignum3
378 1347 412 1397 tu
430 1337 552 1414 Regem
568 1338 732 1397 caelorum
755 1337 906 1412 portasti:
931 1347 963 1397 et
1055 1333 1056 1344 ’

170 1451 194 1492 ro
204 1434 289 1494 inter
310 1435 462 1496 bracchia
483 1443 538 1495 tua
553 1435 614 1494 Dei
638 1435 740 1494 lilium
764 1435 962 1495 morientem

204 1534 405 1594 sustentasti.
437 1533 576 1608 Propter
596 1541 628 1592 te
650 1533 759 1593 omnia
781 1533 873 1609 signa
889 1549 964 1594 cru-

205 1629 252 1689 cis
281 1631 321 1690 de
350 1646 556 1706 quacumque
579 1630 713 1689 materia
740 1630 839 1705 lacta,
866 1640 899 1690 et
929 1630 962 1689 in

204 1746 412 1807 quocumque
434 1728 506 1787 loco
527 1727 648 1803 posita:
678 1726 711 1786 in
738 1729 863 1788 honore
885 1737 964 1786 sunt

205 1837 236 1888 et
267 1825 460 1886 reverentia.
508 1824 579 1884 Tibi
615 1824 772 1885 inclinant
803 1842 899 1902 reges
930 1835 964 1885 et

170 1943 195 1984 15
204 1923 385 2000 principes,
406 1921 559 1983 dominus
582 1931 614 1982 et
636 1922 822 1997 domicella,
844 1938 963 1981 servus

204 2031 237 2082 et
258 2020 385 2096 ancilla,
406 2020 499 2080 dives
521 2030 553 2080 et
575 2037 709 2097 egenus,
731 2021 913 2080 monachus
931 2030 964 2080 et

206 2117 363 2193 clericus,
392 2117 547 2194 magister
574 2127 606 2178 et
628 2117 826 2196 discipulus;
854 2117 965 2177 omnis

205 2224 311 2290 aetas,
342 2215 449 2274 omnis
478 2233 578 2276 sexus
607 2216 752 2276 fidelium
781 2226 813 2275 te
843 2215 965 2289 adorat,

206 2313 314 2373 laudat
329 2322 360 2372 et
375 2312 554 2373 benedicit:
572 2324 705 2390 propter
720 2312 893 2376 Christum
910 2313 965 2389 qui

170 2411 239 2471 zoin
262 2419 293 2470 te
315 2411 479 2487 pependit,
502 2421 534 2471 et
555 2428 671 2471 omnes
694 2410 842 2471 redemit.

246 2507 276 2570 O
297 2525 376 2568 crux
395 2508 576 2584 benedicta,
597 2525 657 2585 per
677 2519 709 2569 te
733 2526 875 2586 namque
899 2526 967 2568 om·

206 2606 261 2666 nia
289 2616 492 2666 sacramenta
520 2607 680 2667 ecclesiae
709 2606 967 2668 benedicuntur:

207 2703 395 2764 sacerdotes
407 2715 651 2782 consecrantur,
667 2705 787 2765 inlirmi
802 2703 967 2780 inungun-

207 2811 273 2876 tur,
295 2802 440 2862 defuncti
463 2803 672 2879 muniuntur3
699 2802 858 2880 imagines
881 2803 968 2862 scul-

172 2909 344 2976 2spuntur,
375 2900 517 2976 parietes
547 2901 739 2978 pinguntur:
771 2900 884 2960 altaria
912 2901 967 2961 de·
1057 2907 1058 2958 t

209 3007 370 3058 curantur.

249 3095 278 3157 Ο
291 3113 370 3155 crux
385 3095 631 3172 speciosissima
645 3095 678 3155 in
691 3112 826 3172 corpore
839 3094 966 3157 Christi

208 3192 371 3270 dedicata,
398 3203 430 3254 et
456 3211 495 3254 ex
522 3193 678 3254 membris
705 3193 777 3254 eius
800 3201 967 3270 tamquam

209 3290 390 3367 margaritis
412 3300 541 3366 ornata;
563 3307 659 3351 roseo
681 3290 840 3367 sanguine
863 3291 967 3351 rubri·
1057 3315 1058 3360 3

173 3398 289 3464 aocata,
311 3388 413 3449 clavis
434 3389 598 3465 transfixa,
619 3390 781 3465 profundo
796 3398 903 3450 terrae
920 3390 967 3451 in·

212 3486 289 3547 lixa:
318 3497 351 3547 tu
380 3505 440 3563 per
468 3497 605 3564 quatuor
626 3487 739 3548 mundi
762 3486 891 3548 climata
914 3504 968 3548 ex·

572 3592 608 3633 tos
