2118 4186
254 378 294 429 ffi
312 365 485 428 [SERMONES
498 377 613 419 nevira
624 376 660 419 ET
671 375 820 418 PASSIONE
832 375 981 427 DOMINI]
998 377 1034 427 ἴς)

254 511 376 571 tionem
400 510 476 587 iuit3
498 520 533 571 ut
555 509 616 587 ipsi
637 509 788 584 primitus
804 507 844 569 de'
862 510 1038 570 omnibus¹

255 608 369 669 salutis
397 619 528 669 nostrae
557 607 770 668 sacramentis
797 608 961 683 perfecte
986 609 1038 666 in-'

254 716 475 767 struerentur:
501 705 556 782 qui
579 715 693 780 postea
714 721 773 780 per
793 715 903 765 totum
932 723 1029 766 rnun-

254 805 331 864 dum
354 805 442 864 omni
466 815 632 864 creaturae
656 803 863 880 evangelium
888 803 1027 865 Christi

231 902 433 962 sdebuerant
447 900 644 977 praedicare.
678 899 775 960 Dedit
791 901 905 978 itaque
925 903 1028 962 Pater

254 1000 406 1060 caelestis
428 997 582 1076 Spiritum
605 997 727 1056 bonum
749 1001 948 1073 petentibus
973 1018 1026 1060 se:

254 1106 371 1157 ettam
400 1097 558 1171 copiosa
585 1095 863 1158 benedictione
886 1111 1025 1174 aposto·

255 1195 359 1254 lorum
376 1204 508 1269 pectora
526 1194 746 1270 locupletavit,
768 1204 803 1254 ut
824 1194 890 1254 iarn
917 1195 1024 1254 nihil

255 1292 301 1352 de
332 1293 518 1354 terrenis
549 1295 789 1368 ambirent3
821 1309 896 1352 nec
933 1294 1025 1352 ulla

221 1391 429 1450 rosaeculi
466 1391 642 1451 adversa
677 1392 901 1451 timerent:
942 1391 1022 1450 scd

254 1503 329 1562 pro
361 1489 538 1549 nomine
571 1491 672 1550 Iesu
707 1489 1021 1550 contumelias

255 1584 344 1659 pati
373 1586 631 1661 gauderent.
675 1586 803 1647 Adiecit
831 1595 943 1645 autern
970 1587 1019 1646 eis

255 1698 328 1740 cum
365 1682 567 1756 plenitudine
603 1683 779 1759 scientiae,
814 1693 1017 1743 armaturam

255 1779 432 1853 spiritualis
470 1780 623 1856 militiae3
662 1791 697 1841 ut
734 1792 846 1842 contra
882 1798 1016 1841 errores

221 1876 423 1952 regentilium
453 1878 611 1938 haberent
639 1879 830 1954 sapientiam
858 1879 1014 1952 divinam,

256 1974 294 2033 ad
321 1975 537 2049 superandam
564 1975 833 2052 philosophorum
857 1976 1011 2053 eloquen-

255 2072 351 2130 tiam:
397 2081 428 2130 et
464 2084 576 2132 contra
617 2086 864 2148 persecutorum
907 2075 1009 2134 saevi-

255 2168 343 2242 tiam,
363 2178 512 2229 tenerent
530 2169 657 2230 fortiter
671 2171 844 2246 patientiae
860 2172 1005 2247 palmam.

255 2266 341 2326 Vere
365 2284 480 2343 magna
501 2268 602 2343 gratia
625 2269 658 2328 in
681 2269 837 2344 apostolis
859 2268 1004 2342 emicuit3

218 2381 294 2424 aoeo
317 2366 403 2440 quod
431 2375 495 2425 tam
525 2365 666 2441 imperiti
692 2367 872 2427 secundum
896 2383 1003 2426 saecu·

254 2463 321 2522 lum
343 2463 494 2523 homines
524 2463 557 2522 in
586 2474 650 2523 tam
679 2465 770 2523 brevi
800 2474 942 2540 tempore
966 2465 1001 2523 ad

162 2599 165 2605 ι
252 2571 372 2621 tantam
396 2560 624 2620 celsitudinem
652 2561 832 2622 sanctitatis
856 2577 999 2621 excreve·
1037 2633 1038 2644 χ

253 2670 343 2719 runt:
367 2669 401 2718 ut
423 2675 527 2734 usque
550 2659 589 2718 ad
605 2669 750 2718 extrema
764 2669 870 2719 terrae
886 2659 997 2734 Spiritu
1037 2691 1038 2696 κ

252 2767 364 2816 sancto
380 2766 576 2831 cooperante
592 2773 704 2816 eorum
721 2757 914 2832 praedicatio
932 2774 997 2832 per·

215 2855 389 2914 asveniret.

292 2952 545 3028 Consequenter
567 2951 663 3011 etiam
687 2968 727 3009 ex
747 2951 810 3010 iam
827 2952 917 3012 dictis
930 2971 995 3028 per·

251 3051 373 3124 pende,
408 3049 484 3126 quia
519 3049 621 3108 sancti
658 3049 794 3123 apostoli
830 3049 883 3124 qui
912 3062 994 3110 erant

251 3146 385 3206 Christo
418 3146 596 3222 carissimi,
632 3146 804 3206 nonesine
837 3146 937 3206 labore
964 3158 993 3208 et

249 3244 357 3304 debita
377 3244 622 3320 praeparatione
638 3245 721 3302 hanc
737 3245 910 3319 spiritalem
925 3263 992 3305 con·

212 3340 442 3401 sosolationem
471 3350 683 3417 acceperunt:
715 3359 775 3401 nec
804 3343 875 3402 sine
901 3353 989 3403 certa·

249 3437 336 3496 mine
366 3446 397 3497 et
426 3439 573 3514 corporis
596 3439 773 3499 afflictione
796 3440 829 3499 in
852 3442 907 3500 hoc
926 3459 987 3501 sae-
