2144 4194
215 477 255 529 &NJ
273 475 446 528 [SERMONES
458 473 497 516 DE
507 474 574 516 VITA
585 473 620 516 ET
632 471 781 516 PASSIONE
793 473 919 524 DOMINI]
936 473 979 525 ,Υῷ

258 611 416 684 Rursum,
444 607 652 668 venientibus
682 608 722 667 de
751 606 880 667 civitate
909 607 979 667 dis·

217 707 345 784 cipalis,
358 724 431 767 cum
443 707 482 766 ad
494 705 754 766 manducandum
767 707 981 765 hortarentur

219 807 341 866 lesum:
364 804 435 880 ipse
455 803 681 864 oboedientiae
704 820 820 878 panem
836 802 890 879 qui
908 803 981 862 ani·
1058 797 1059 800 ’

217 920 302 963 mam
319 904 390 963 Deo
407 902 587 962 subiectam
602 900 839 978 gratiosissime
860 899 981 976 pascit,
1057 877 1058 956 i

195 999 359 1061 sostendit
388 999 476 1059 omni
507 998 665 1074 corporali
692 998 764 1058 cibo
787 1016 863 1059 esse
883 1015 982 1074 prae-

219 1098 400 1158 ferendum.
444 1096 563 1157 Nullus
589 1096 710 1173 quippe
732 1105 828 1171 potus
850 1096 983 1156 dulcior

218 1195 319 1272 gratia
350 1194 500 1270 caelesti3
532 1210 615 1270 quae
646 1193 731 1253 lavat
759 1193 981 1270 inquinatum,

219 1302 306 1369 potat
321 1292 463 1353 aridum:
487 1291 656 1369 refrigerat
672 1301 873 1367 temptatum.
907 1293 981 1353 Nec

219 1390 363 1466 sapidior
373 1389 459 1449 ullus
474 1398 621 1466 gustatur
636 1389 739 1464 cibus,
754 1406 815 1448 nec
826 1390 983 1467 pinguior
1056 1450 1060 1471 Ι

187 1510 210 1550 ro
220 1505 334 1549 mensa
355 1488 494 1550 amantis
510 1488 614 1549 oculis
636 1487 857 1564 praeponitur,
879 1505 981 1565 quam

220 1587 365 1672 impletio
401 1587 542 1646 mandati
578 1585 745 1646 caelestis:
786 1585 871 1646 sicut
907 1586 983 1663 ipse

220 1685 530 1746 oboedientissimus
550 1685 644 1744 Iesus
659 1684 785 1745 ellatur.
814 1685 915 1744 Meus
939 1684 984 1744 ci-

220 1785 281 1843 bus
304 1792 367 1843 est:
397 1792 431 1843 ut
460 1781 575 1842 faciam
598 1782 797 1842 voluntatem
828 1781 901 1841 eius
924 1780 982 1858 qui

222 1881 309 1942 misit
331 1898 393 1941 me.
437 1879 520 1940 Nam
547 1879 714 1956 inquirere
736 1879 982 1954 beneplacitum

188 1997 212 2037 15
222 1979 282 2040 Dei
299 1979 331 2038 in
348 1977 492 2055 agendis,
512 1994 612 2053 super
627 1977 735 2037 omnia
750 1976 833 2052 sapit
843 1977 984 2051 amanti3

221 2087 253 2138 et
274 2077 358 2137 bene
381 2075 502 2136 enutrit
521 2075 748 2135 oboedientem
765 2073 984 2148 discipulum:

221 2191 257 2234 ac
279 2173 397 2250 gaudio
420 2172 547 2232 refovet
568 2171 705 2247 spiritali
729 2179 861 2247 propter
882 2171 985 2230 oboe-

221 2271 362 2331 dientiae
384 2271 547 2330 meritum.
578 2269 632 2330 Sic
649 2269 736 2329 Elias
752 2268 872 2328 deserti
889 2279 986 2329 vasta

221 2379 407 2446 penetrans,
430 2377 461 2428 et
483 2367 567 2444 apud
590 2385 627 2427 se
643 2367 745 2426 libere
761 2383 985 2442 commorans,

186 2469 261 2529 20ab
283 2469 398 2544 angelo
413 2466 598 2526 admonitus
614 2465 756 2526 surrexit
776 2475 808 2526 et
822 2466 986 2541 comedit3

223 2574 254 2624 et
276 2565 352 2624 dum
375 2564 489 2639 implet
503 2563 643 2642 verbum
659 2562 781 2638 angeli:
804 2562 986 2622 ambulavit

223 2663 256 2723 in
284 2662 472 2723 fortitudine
500 2662 561 2722 cibi
591 2661 680 2720 illius
702 2676 807 2736 usque
829 2659 868 2719 ad
891 2676 985 2720 mon-

223 2771 287 2820 tem
312 2760 383 2820 Dei.
427 2759 525 2818 Ducit
554 2759 641 2819 enim
669 2774 747 2817 vera
775 2756 986 2817 oboedientia

223 2876 282 2934 per
302 2859 435 2918 brevem
459 2858 601 2917 laborem
618 2857 657 2916 ad
678 2853 892 2936 perfectionis
915 2855 984 2915 cul·

187 2973 310 3030 nmen,
332 2965 363 3015 et
379 2953 417 3014 ad
433 2962 577 3013 montem
600 2952 720 3029 quietis
735 2961 904 3011 aeternae:
928 2951 984 3011 ubi

224 3055 320 3129 plena
348 3052 387 3111 ab
414 3050 501 3110 omni
532 3059 623 3110 aestu
653 3059 685 3108 et
714 3049 822 3108 labore
845 3048 984 3109 relectio

225 3168 261 3210 ac
283 3150 382 3211 totius
403 3147 613 3208 beatitudinis
635 3146 813 3222 possessio,
835 3145 868 3205 in
891 3163 984 3221 prae·

225 3248 330 3309 sentia
346 3246 451 3306 Patris
466 3256 499 3305 et
515 3246 571 3306 lilii
588 3246 660 3306 eius
677 3247 751 3306 lesu
765 3244 891 3306 Christi
907 3261 982 3304 cum

227 3347 381 3407 fruitione
404 3345 544 3421 Spiritus
566 3345 679 3405 sancti.
722 3343 838 3404 Amen.
1061 3323 1062 3336 ¹

578 3476 632 3530 ὃὸ

589 3645 626 3687 166
