2122 4196
77 432 123 483 ω
160 413 329 475 memmio
346 432 385 475 DE
401 432 631 476 INCARNATIONE
647 433 771 477 CHRISTI
803 433 844 486 k&

79 582 176 625 cens.
207 564 316 626 Anulo
346 585 406 627 suo
435 568 616 628 subarravit
648 585 699 629 me
732 569 842 629 Domi·

80 682 149 724 nus
181 681 275 724 meus
306 665 399 724 Iesus
423 665 595 726 Christus:
618 675 650 725 et
678 651 840 740 tamquam

81 779 241 838 sponsam
264 763 431 822 decoravit
453 780 506 822 me
528 781 657 824 corona.

126 857 271 919 Caecilia
282 859 373 936 virgo
390 859 570 920 clarissima
585 860 618 919 in
634 872 766 936 pectore
781 878 841 921 suo
860 882 918 915 cra-

80 973 204 1033 gerens
225 957 412 1034 evangelica
427 958 535 1032 verba,
557 957 681 1034 tibique
700 959 762 1018 soli
778 937 926 1034 pla-⁶¹⁰*

83 1072 162 1115 cere
184 1054 393 1129 desiderans,
416 1053 497 1113 nulli
520 1054 664 1114 animum
686 1056 842 1132 voluptati

83 1152 175 1213 dedit
187 1169 249 1212 nec
264 1151 412 1212 vanitati:
428 1152 486 1211 scd
501 1151 634 1212 ieiuniis
650 1164 681 1213 et
692 1154 843 1214 orationi·

82 1252 147 1311 bus
156 1251 290 1325 intenta,
298 1250 331 1309 in
340 1251 438 1310 corde
450 1267 510 1309 suo
521 1251 711 1311 decantabat
720 1251 842 1311 dicens.

84 1349 156 1409 Fiat
172 1348 313 1408 Domine
333 1365 389 1409 cor
411 1365 519 1408 meum
543 1359 575 1409 et
591 1364 710 1425 corpus
733 1367 841 1410 meum

84 1446 347 1506 immaculatum:
370 1456 404 1505 ut
426 1462 493 1505 non
515 1446 705 1507 confundar.
742 1448 879 1508 Inter-ro

84 1554 197 1620 rogata
218 1553 325 1603 autem
351 1544 391 1603 de
414 1543 493 1603 lide:
525 1560 640 1619 magna
662 1545 844 1606 constantia

84 1643 265 1719 respondit.
294 1642 364 1702 Nos
380 1642 523 1702 scientes
538 1654 687 1703 sanctum
704 1660 842 1703 nomen:

83 1741 220 1801 omnino
242 1758 362 1818 negare
384 1758 449 1801 non
472 1757 658 1816 possumus.

126 1837 285 1900 Similiter
320 1850 351 1898 et
387 1848 514 1898 ceterae
546 1855 657 1898 sacrae
689 1838 843 1914 virgines,

85 1937 266 1999 Cathurino
289 1938 443 2007 Barbara,
478 1937 588 1996 Vrsula
616 1941 648 1995 et
670 1935 842 2004 christino,
859 1965 951 1998 aaran·

83 2037 117 2095 in
135 2035 199 2095 lide
210 2044 407 2110 constantes,
421 2034 455 2094 in
471 2051 581 2094 amore
595 2045 650 2095 tuo
662 2035 842 2094 ferventes:
860 2020 951 2105 Βῗέξρ.

83 2133 250 2193 lenocinia
260 2132 367 2192 caruis
378 2132 551 2207 calcantes,
567 2133 744 2208 angelicam
757 2131 842 2208 puri·
858 2127 950 2212 '‘gvssff·

83 2241 183 2291 tatem
206 2230 390 2305 diligentes,
412 2247 526 2289 sexum
543 2231 652 2322 vicere
675 2246 749 2289 cum
772 2245 841 2288 sae·
864 2234 944 2320 8033}-

83 2329 176 2389 culo:
199 2338 231 2387 et
252 2343 372 2387 nomen
395 2326 631 2402 sempiternum
652 2335 842 2385 meruerunt

83 2426 242 2485 incaelo.
525 2497 527 2502 Ι
730 2425 733 2430 “
851 2439 878 2479 20

126 2523 306 2582 Perhibent
321 2523 417 2583 etiam
434 2522 657 2584 testimonium
675 2521 749 2581 tibi:
772 2521 841 2596 ipsa
867 2547 919 2578 ata-

83 2622 249 2681 elementa
263 2637 347 2696 quae
363 2621 545 2681 condidisti.
567 2621 709 2698 Dignum
721 2621 840 2697 quippe
855 2601 937 2632 naun

84 2719 162 2794 luit,
193 2728 228 2777 ut
252 2728 284 2777 et
313 2718 518 2779 irrationales
548 2729 715 2780 creaturae
745 2735 840 2777 suum

84 2826 325 2893 cognoscerent
340 2827 537 2891 creatorem3
553 2827 585 2876 et
595 2832 692 2892 quem
706 2815 842 2875 vocibus

4 2913 7 2928 '
85 2914 239 2974 nuntiare
254 2931 321 2972 non
337 2924 501 2989 poterant:
524 2913 653 2973 eximiis
671 2912 774 2988 signis
789 2912 878 2971 deo-25

84 3013 257 3073 clararent.
287 3008 357 3070 Tibi
381 3010 468 3070 enim
492 3011 576 3070 sicut
593 3010 741 3071 Creatori
766 3029 842 3072 suo:

85 3109 194 3169 omnis
210 3109 382 3168 tenebatur
397 3107 546 3167 famulari
567 3119 723 3169 creatura.
747 3110 842 3169 Prae·

85 3206 167 3266 bens
190 3223 268 3282 ergo
291 3204 441 3264 insolitae
463 3205 616 3265 novitatis
631 3206 841 3282 obsequium:

87 3302 180 3363 lactis
204 3302 277 3362 sine
300 3301 396 3362 dubio
419 3302 560 3362 ostendit
589 3319 625 3361 se
648 3302 842 3379 cognovisse

87 3400 276 3461 Dominum.
320 3399 403 3459 Nam
432 3401 596 3460 caelorum
626 3410 657 3459 te
680 3416 754 3460 esse
779 3400 878 3461 [lo-ao

6 3507 11 3528 ’
87 3498 212 3558 minum
235 3497 319 3557 caeli
333 3507 571 3574 cognoverunt:
594 3497 669 3573 quia
685 3498 717 3557 in
734 3507 923 3559 osten-crau

452 3605 476 3645 ει
704 3601 733 3642 4·
