2122 4196
236 445 276 497 m
311 442 479 486 Menttntlo
496 442 535 484 DE
551 441 780 486 INCARNATIONE
796 441 921 484 CHRISTI
955 442 999 493 ἵὲ)

237 577 415 639 conditoris
430 577 543 638 nostri.
569 576 661 637 Servi
678 575 764 652 digni
781 593 846 636 non
862 593 996 637 sumus:

237 686 269 736 et
291 675 386 736 amici
409 693 574 736 vocamur.

158 811 211 843 (Μ.
278 773 435 849 Origenes.
460 772 656 849 Vnigenitus
670 772 756 832 tilius
768 771 830 832 Dei
846 772 901 848 qui
918 784 997 834 ante
1056 835 1060 844 ,

146 865 367 932 OENESsaecula
389 869 600 931 ineffabiliter
622 885 662 930 ex
685 870 756 929 solo
779 869 874 932 Patre
897 881 998 932 natus
1049 862 1060 966 i

213 969 375 1031 sest:iam
386 967 509 1028 saeculi
520 967 799 1044 appropinquante
811 968 875 1029 tine
886 985 927 1030 ex
939 987 998 1029 vo·

237 1068 360 1127 luntate
376 1066 481 1126 Patris
503 1065 537 1126 in
559 1067 702 1126 humano
725 1082 861 1142 corpore
879 1079 997 1128 sancto

237 1175 431 1240 cooperante
455 1164 576 1241 Spiritu
606 1164 691 1225 inter
719 1164 871 1226 homines
893 1166 997 1226 venit.

159 1293 199 1326 isi.
275 1262 424 1322 Isidoms.
462 1261 615 1323 Cernens
632 1261 723 1322 Deus
745 1263 831 1338 quod
860 1279 922 1324 nec
946 1281 997 1323 er·
1051 1266 1058 1319 Ι

135 1347 225 1380 ⁰⁰¹³VS·
237 1376 329 1419 rores
340 1375 418 1420 suos
429 1359 614 1420 admonitus
629 1369 820 1434 agnosceret
836 1361 998 1437 mundus;
1048 1332 1057 1445 ξ

204 1455 326 1517 iomisit
355 1456 457 1516 filiurn
487 1474 584 1517 suum
614 1464 649 1515 ut
682 1472 812 1516 carnem
842 1456 998 1518 indueret
1046 1449 1059 1564 i

238 1563 270 1614 et
299 1553 488 1613 hominibus
519 1563 704 1629 appareret:
741 1563 773 1614 et
803 1565 998 1631 peccatores

238 1662 377 1712 sanaret.

163 1777 208 1808 rao
277 1749 339 1809 Leo
361 1749 460 1824 Papa.
504 1749 686 1825 Ingreditur
707 1751 787 1810 haec
811 1750 923 1810 mundi
948 1750 997 1810 in·

149 1831 219 1862 'm'
239 1847 330 1908 firma
362 1847 449 1908 filius
481 1847 561 1922 Dei,
592 1847 632 1907 de
665 1846 797 1908 caelesti
829 1848 908 1907 sede
941 1848 998 1907 de-

204 1946 418 2019 ¹⁵scendens,
450 1955 482 2004 et
512 1962 530 2004 a
553 1945 691 2004 Paterna
718 1944 821 2021 gloria
849 1962 914 2006 non
945 1962 998 2006 re-

238 2043 375 2102 cedens:
392 2058 477 2102 novo
493 2041 608 2102 ordine
624 2059 708 2102 nova
719 2042 886 2104 nativitate
896 2059 998 2119 gene·
1059 2115 1060 2122 ἵ

238 2151 336 2200 ratus,
380 2140 474 2200 Novo
504 2138 636 2199 ordine:
665 2139 742 2216 quia
762 2140 939 2202 invisibilis
962 2141 998 2200 in
1059 2145 1060 2148 ’

238 2239 323 2313 suis,
351 2237 492 2297 visibilis
515 2237 619 2297 iactus
642 2247 692 2298 est
713 2237 746 2298 in
769 2238 900 2299 nostris.
945 2238 998 2297 ln-

239 2334 546 2411 comprehensibilis
589 2335 690 2395 voluit
744 2336 998 2412 comprehendi:

201 2443 312 2492 arante
343 2442 490 2507 tempora
521 2450 674 2508 manens,
711 2450 785 2494 esse
817 2433 924 2509 coepit
956 2451 998 2494 ex

238 2540 395 2607 ternpore.
1058 2531 1059 2562 ¹

157 2653 228 2684 nan-
278 2628 649 2705 Maximusepiscopus.
704 2629 852 2690 Salvator
882 2631 999 2690 mundi

164 2705 222 2738 nvs.
239 2743 298 2804 per
313 2737 448 2787 matrem
465 2729 620 2788 nascendi
637 2739 766 2804 tempus
782 2727 922 2804 accepit:
940 2727 999 2804 qui

239 2826 279 2884 de
314 2835 405 2901 patre
436 2825 593 2886 nascendi
625 2842 689 2885 non
726 2825 823 2884 habet
854 2835 999 2900 tempuS.

202 2922 410 2983 2⁵Habitator
433 2922 513 2982 caeli
537 2922 627 2985 venit
648 2923 687 2982 ad
710 2934 829 2983 terras:
855 2921 909 2998 qui
934 2932 1000 2982 ter-

232 3037 347 3080 rarum
371 3020 495 3080 incolas
519 3032 670 3080 evocaret
692 3021 731 3080 ad
747 3021 884 3080 caelum.
915 3019 1000 3080 Ver·
1056 3095 1057 3098 Ἴ

239 3118 315 3178 burn
332 3135 407 3178 caro
424 3117 543 3178 factum
561 3127 620 3192 est,
642 3135 707 3177 non
724 3128 758 3177 ut
774 3118 865 3177 Deus
880 3133 1000 3177 vacua·

240 3224 329 3276 retur
350 3215 384 3275 in
406 3214 591 3275 hominem:
620 3215 678 3274 sed
701 3225 735 3274 ut
757 3217 855 3274 homo
876 3214 1000 3291 glorifi-

201 3315 205 3325 ⁴
240 3322 368 3372 caretur
390 3311 423 3372 in
447 3313 563 3374 Deum.
1055 3359 1056 3378 2

124 3434 233 3466 aviana:
280 3410 649 3486 Fulgentiusepiscopus.
663 3411 817 3472 Christus
828 3411 889 3472 Dei
900 3411 1000 3486 iilius,

145 3486 208 3521 nvs.
240 3507 889 3584 deDeoveroDeusverus‚etunuscurn
902 3511 999 3572 Patre
1053 3563 1055 3666 ¹

604 3615 631 3655 aa
