2144 4194
225 435 265 486 trs
283 434 456 488 [saruouss
469 435 584 478 navim
596 436 631 478 rr
642 436 790 480 mssrons
801 437 931 492 nomm]
947 441 988 492 ,rar

225 579 352 630 mentes
375 569 493 630 cotidie
515 569 679 631 defluunt:
708 572 800 631 etad
822 571 987 648 impoten-

224 666 300 728 tiam
323 667 373 727 sui
403 685 465 728 usu
489 685 650 744 curarum,
673 678 728 729 aut
746 669 903 729 violentia
918 681 987 731 tur·

223 765 389 825 bationum
408 766 581 827 ducuntur.
612 767 737 827 Volens
747 767 786 827 ab
797 768 858 828 hac
869 785 986 846 evaga-

223 862 311 922 tione
327 864 445 940 sanari,
467 875 499 924 et
519 865 629 924 lumen
645 865 754 925 cordis
770 883 985 941 recuperare:
1059 937 1060 952 χ

200 970 377 1021 sstrenuus
392 961 435 1022 sit
450 963 488 1022 ad
505 963 702 1024 custodiam:
722 974 840 1040 penset
853 963 985 1024 dierum
1059 953 1060 1022 ζ

223 1072 357 1116 suorum
381 1056 489 1132 finem,
512 1067 544 1117 et
566 1057 704 1118 districti
720 1058 831 1119 iudicii
855 1062 983 1121 horam.
1059 1067 1060 1070 ’

263 1153 363 1214 Disce
384 1165 417 1215 et
438 1155 472 1214 in
494 1156 557 1214 hoc
579 1172 678 1232 opere
701 1157 794 1217 iesu:
826 1157 983 1218 virtutem
1060 1152 1061 1215 ζ

222 1270 296 1312 cum
319 1253 516 1314 discretione
539 1254 659 1330 pariter
679 1272 754 1315 esse
776 1257 985 1316 servandam.

222 1351 358 1427 Fatigari
374 1368 515 1428 namque
531 1353 642 1413 labore
655 1353 832 1428 communi,
848 1353 985 1414 caritate
1059 1369 1060 1386 i

188 1468 212 1508 ιο
221 1449 389 1525 suadente,
399 1451 451 1509 vel
463 1450 670 1511 oboedientia
681 1450 836 1512 dictante:
852 1451 985 1528 insigne

221 1547 350 1608 virtutis
365 1559 416 1608 est
431 1548 605 1624 meritique
622 1567 687 1608 non
703 1549 803 1624 parvi.
837 1549 984 1608 Pausare

220 1656 328 1706 autem
350 1656 498 1722 tempore
517 1647 725 1722 competenti,
748 1656 780 1707 et
795 1664 914 1723 corpus
931 1664 983 1707 re-

221 1742 319 1801 ticere
350 1743 439 1818 cibo,
468 1754 523 1802 aut
550 1743 690 1802 animam
722 1743 862 1804 lectione
887 1762 983 1804 sacra

220 1840 400 1900 instruere:
429 1840 600 1917 utriusque
630 1841 774 1901 hominis
803 1841 982 1903 discretiva

186 1958 210 1998 15
219 1938 409 2014 gubernatio
439 1948 497 1998 est.
546 1937 738 1998 Tolerabilis
770 1939 879 2015 itaque
908 1939 983 2000 fati-

219 2036 304 2112 gatio
326 2053 383 2112 pro
407 2019 539 2095 nomine
562 2035 750 2111 Salvatoris‚
779 2053 841 2096 nec
863 2037 983 2098 abbor-

220 2135 320 2194 renda
335 2134 479 2194 devotis:
502 2151 650 2209 cumpro
667 2134 789 2194 mundo
806 2135 985 2212 fatigantur

219 2249 323 2308 paene
352 2231 619 2293 innumerabiles.
671 2232 843 2293 Discretus
869 2244 983 2292 tamen

220 2331 310 2390 labor
325 2329 376 2404 sit,
399 2346 440 2388 ne
456 2339 643 2406 corrumpat
657 2328 840 2390 infirmum:
862 2340 918 2389 aut
939 2332 983 2390 ad

182 2444 209 2484 20
220 2426 329 2486 divina
351 2426 463 2486 reddat
478 2426 635 2503 ineptum.
665 2426 749 2486 Nam
765 2427 851 2503 quod
867 2427 983 2488 mode-

219 2534 323 2584 ratum
339 2533 406 2583 est:
428 2523 546 2583 melius
562 2536 760 2599 perseverat.
791 2525 882 2585 Bene
901 2524 983 2586 licet

218 2639 276 2697 pro
299 2620 501 2696 reparatione
517 2621 635 2680 virium
659 2623 854 2697 quandoque
875 2623 982 2682 modi-

219 2737 292 2778 cum
316 2719 363 2779 ire
386 2737 531 2779 sessum:
562 2729 593 2780 et
616 2719 766 2795 propriae
794 2719 981 2796 fragilitatis
1061 2761 1062 2770 r

219 2834 295 2876 esse
323 2834 513 2877 memorem.
564 2818 637 2893 lpse
667 2818 754 2877 enim
779 2818 872 2878 lesus
904 2829 982 2894 post
1061 2807 1062 2812 ¹

181 2936 208 2977 25
218 2912 345 2972 itineris
369 2912 590 2989 fatigationem
606 2913 769 2995 residebat
784 2930 884 2989 super
907 2915 980 2975 ion·

217 3020 299 3071 tem:
316 3022 491 3086 expectans
503 3011 621 3086 cibum,
637 3021 668 3074 et
684 3011 852 3071 humiliter
866 3024 980 3088 postu-

219 3109 290 3168 lans
312 3125 415 3185 aquae
437 3117 558 3184 potum.

259 3206 315 3265 Est
337 3205 433 3265 etiam
456 3206 489 3266 in
519 3209 581 3266 hoc
612 3206 711 3266 fontis
733 3207 805 3268 loco
828 3207 978 3267 conside-

218 3305 317 3364 randa
341 3305 487 3364 doctrina
510 3305 602 3380 lesu,
633 3305 721 3364 utilis
743 3305 828 3365 vitae
850 3306 977 3366 morali.
1061 3321 1062 3334 ¹

181 3402 352 3466 aolnstruit
381 3412 413 3463 te
435 3402 512 3480 quid
535 3419 631 3478 agere
653 3403 773 3463 debeas
795 3421 869 3463 cum
892 3421 911 3464 a
933 3405 977 3463 la·
1061 3459 1062 3478 ,

217 3502 294 3560 bore
317 3501 467 3577 desistis3
496 3510 528 3561 et
550 3502 655 3578 qualis
677 3502 719 3562 sit
741 3501 899 3562 recreatio
920 3519 977 3578 ap·
1061 3491 1062 3496 ¹

580 3607 617 3647 164
