2128 4190
223 423 264 475 (53
283 421 455 473 [SERMONES
468 424 507 466 DE
517 424 584 468 vtrn
596 423 631 467 ET
643 423 791 468 Passwua
803 425 930 479 DOMINI]
946 427 985 480 K&

224 557 309 618 vitae
330 556 501 634 gaudium,
528 575 601 618 curn
626 559 753 620 diabolo
776 561 985 621 aeternaliter

224 654 361 715 cruciari
395 654 428 713 in
460 654 617 715 inferno?
664 656 766 722 Tanto
797 658 886 718 enirn
918 659 983 718 eris

226 753 296 812 Deo
318 751 492 828 acceptior,
516 762 548 812 et
570 754 719 830 ampliori
741 755 845 831 gloria
866 755 983 833 dignus
1050 809 1051 814 ,

225 849 258 909 in
290 866 390 926 regno
422 849 571 926 caelesti3
608 860 728 930 quanto
759 870 817 928 pro
849 852 982 914 nomine

203 948 300 1008 slesu
331 948 499 1025 graviores
529 964 617 1007 nunc
648 949 822 1024 pertuleris
852 952 982 1012 dolores

225 1057 257 1107 et
272 1046 410 1122 labores,
425 1063 491 1107 non
507 1046 714 1122 respiciendo
730 1049 768 1108 ad
784 1050 983 1124 temporales

225 1144 483 1204 consolationes:
506 1144 564 1203 sed
587 1144 626 1203 ad
643 1144 767 1207 Christi
784 1146 982 1222 passionem,

224 1259 261 1302 ac
284 1242 381 1301 duras
403 1251 590 1303 sanctorum
607 1241 687 1318 viaS,
710 1241 764 1319 qui
782 1242 983 1302 transierunt

225 1356 283 1415 per
310 1337 536 1399 tribulationes
565 1339 693 1399 multas.
735 1339 866 1400 Transit
894 1340 983 1400 velut

192 1438 340 1497 roumbra
370 1436 434 1497 cito
463 1436 571 1497 omnis
599 1437 788 1513 temporalis
817 1453 923 1512 poena
951 1449 984 1496 et

224 1535 343 1594 iniuria
377 1535 483 1610 illata3
523 1536 581 1594 sed
617 1545 787 1610 permanet
821 1535 854 1595 in
891 1536 982 1596 caelo

224 1633 379 1708 perennis
401 1632 564 1692 mercedis
584 1633 702 1709 gloria:
725 1650 808 1709 quae
822 1650 882 1708 pro
898 1633 982 1694 bona

223 1730 378 1804 patientia
406 1730 438 1789 in
468 1729 532 1788 line
561 1729 618 1789 tibi
649 1730 817 1805 reddetur,
845 1730 981 1791 Christo

224 1840 397 1888 annuente.
432 1828 533 1888 Stude
555 1843 632 1904 ergo
654 1827 739 1887 viam
762 1837 894 1888 sanctae
910 1845 982 1888 cru·

190 1925 272 1984 rscis
287 1934 417 2000 tenere3
439 1935 471 1984 et
486 1925 669 1986 dolorosam
686 1925 861 2002 imaginem
878 1927 982 1985 cruci·

225 2022 278 2082 fixi
303 2023 377 2082 lesu
400 2023 433 2082 in
456 2024 553 2083 corde
576 2034 720 2100 portare:
744 2033 840 2099 atque
863 2023 895 2083 in
920 2023 982 2083 lra·
1054 2065 1055 2074 a

223 2121 279 2197 gili
309 2138 444 2196 corpore
474 2138 532 2197 pro
561 2139 659 2197 posse
685 2121 824 2181 viriliter
853 2121 982 2181 imitari.

225 2220 378 2279 Libenter
414 2229 515 2280 temet
552 2219 659 2295 ipsum
698 2219 847 2295 resigna,
885 2231 982 2296 atque

224 2317 353 2377 divinae
369 2317 526 2378 voluntati
543 2317 652 2377 omnia
671 2325 726 2376 tua
742 2315 880 2376 fidenter
895 2333 983 2376 com·

188 2414 332 2490 aomitte;
361 2414 415 2490 qui
446 2424 532 2475 tanta
560 2431 618 2490 pro
640 2423 695 2474 tua
716 2413 821 2474 salute
844 2413 922 2473 iecit
950 2424 984 2473 et

224 2511 372 2587 pertulit,
401 2513 487 2588 quod
516 2529 693 2589 numquam
720 2511 844 2587 poteris
870 2511 899 2571 ei
924 2529 983 2588 pro

224 2608 359 2669 minimo
375 2620 495 2684 puncto
511 2608 674 2685 passionis
689 2626 768 2669 suae
784 2609 898 2686 dignas
913 2627 984 2686 gra·

224 2707 285 2767 tias
301 2707 451 2766 reddere:
474 2707 570 2767 etiarn
587 2706 614 2766 si
631 2706 777 2767 omnium
793 2718 982 2767 sanctorum

224 2814 402 2881 martyrum
434 2805 606 2879 passiones
642 2814 674 2864 et
705 2805 834 2864 labores
864 2821 984 2881 posses

188 2902 398 2962 assustinere.
449 2901 513 2962 Sed
548 2903 613 2961 heu
650 2902 736 2978 quod
772 2911 836 2962 tam
872 2901 984 2977 tepide

227 3000 431 3059 Dominicam
454 3009 584 3058 crucem
608 2999 775 3075 sequeris;
801 2999 888 3076 quod
916 3015 983 3059 non

226 3097 383 3157 intentius
414 3098 581 3158 doloribus
610 3097 735 3159 Christi
768 3095 984 3172 compateris:

224 3196 311 3271 quod
340 3212 405 3254 non
436 3194 617 3256 ferventius
645 3194 691 3254 illi
722 3194 845 3269 servis,
874 3203 906 3253 et
935 3193 984 3252 in·

226 3292 415 3352 desinenter
435 3293 554 3369 gratias
579 3292 665 3369 agis3
694 3292 748 3368 qui
777 3301 842 3352 tam
870 3307 982 3350 carum

189 3399 256 3450 sote
288 3387 471 3450 aestimavit
502 3399 534 3449 et
564 3406 641 3465 prae
673 3389 792 3450 ceteris
823 3389 985 3448 creaturis

226 3487 347 3562 dilexit,
369 3498 404 3547 ut
425 3487 507 3547 mori
529 3495 633 3562 prote
650 3503 714 3545 non
732 3495 899 3546 renueret:
923 3487 984 3545 sed

585 3591 623 3631 ror
