2128 4190
68 447 389 501 mmmm
425 449 469 499 [26]
503 444 824 501 sellem&

67 581 164 657 pitale
185 583 310 642 crimen
331 582 361 642 ei
383 581 525 657 imponis
547 582 634 657 quod
657 598 766 658 regem
790 598 826 641 se

69 681 200 756 lecerit3
222 680 298 757 quia
319 696 497 757 numquam
520 678 574 738 hic
594 679 714 756 regalia
733 696 825 739 orna-

68 788 177 838 menta
206 778 387 839 secundum
415 776 537 837 saeculi
561 777 749 853 dignitatem
772 779 826 837 ha·

68 875 150 936 buit:
178 891 287 951 neque
312 876 440 935 calceos
464 874 580 950 gessit,
604 892 712 952 neque
737 892 827 935 coro·

68 990 139 1032 narn
163 972 362 1049 concupivit.
395 971 529 1031 Nullum
546 971 643 1031 etiam
659 972 850 1034 hominems

68 1071 237 1131 verbovel
254 1071 337 1130 lacto
354 1069 464 1130 laesit:
487 1069 565 1145 quin
588 1069 697 1144 potius
719 1071 826 1130 laesos

68 1177 98 1228 et
119 1186 299 1246 oppressos
321 1187 339 1228 a
361 1167 488 1228 diabolo
510 1167 609 1244 gratis
632 1169 767 1229 sanavit.

107 1267 209 1327 Filiae
226 1267 403 1327 Ierusalem
427 1275 459 1325 et
478 1282 594 1325 omnes
610 1267 746 1326 devotae
762 1285 827 1327 ma·

67 1373 191 1441 monae,
209 1365 319 1425 venite
334 1373 367 1423 et
381 1363 489 1423 videte
506 1363 626 1439 Regem
645 1363 827 1439 Christum,

70 1462 177 1522 lesum
212 1464 418 1523 Nazarenum
452 1477 566 1520 verum
597 1470 628 1520 et
656 1460 826 1537 pacificum
840 1479 864 1521 ιο

70 1557 280 1619 Salomonem
302 1576 342 1619 ex
365 1559 463 1635 regali
486 1560 642 1636 progenie
659 1560 762 1620 David
778 1577 828 1620 or-

70 1666 153 1734 tum3
175 1657 285 1718 videte
306 1657 470 1734 quomodo
490 1657 524 1716 in
540 1657 592 1717 die
608 1657 828 1718 coronationis

69 1771 146 1815 suae
169 1764 346 1815 coronatur
366 1771 486 1815 corona
508 1755 632 1831 spinea,
654 1772 828 1816 anoverca

71 1869 127 1912 sua
145 1868 311 1930 synagoga
326 1851 440 1928 impia:
463 1853 621 1913 suadente
637 1852 774 1927 diabolo,
796 1862 828 1912 et

71 1959 266 2028 perurgente
288 1950 494 2010 sacerdotum
521 1949 652 2010 invidia.
695 1951 828 2010 Flebant
840 1967 864 2009 rs

72 2058 146 2109 tunc
187 2049 350 2108 uberrime
388 2057 492 2108 mater
529 2048 601 2108 eius
625 2047 829 2108 beatissima

72 2145 176 2207 illaria
203 2163 277 2206 cum
299 2156 411 2206 sancta
433 2146 538 2205 Maria
560 2145 769 2223 Magdalena,
798 2155 830 2205 et

72 2246 157 2305 omni
183 2245 335 2305 comitiva
357 2261 416 2304 sua
437 2244 575 2304 nimium
591 2244 751 2320 desolata3
774 2243 829 2303 lle·

72 2341 145 2403 bant
168 2350 201 2402 et
215 2342 366 2419 discipuli
383 2343 522 2419 dispersi
542 2342 576 2402 in
592 2342 684 2403 turba
700 2342 829 2402 Iudaica

73 2456 147 2513 prae
162 2440 358 2502 confusione
379 2451 410 2501 et
426 2442 537 2502 dolore
559 2457 600 2500 ex
614 2439 742 2500 visione
765 2440 865 2516 spi-20

72 2551 151 2598 neae
180 2555 336 2615 coronae,
362 2556 445 2616 quae
468 2557 560 2599 sacro
583 2539 678 2615 capiti
703 2538 828 2600 Christi

74 2632 204 2695 Domini
236 2653 272 2695 ac
303 2636 448 2713 magistri
480 2638 531 2697 sui
561 2635 736 2697 durissime
769 2635 829 2696 luit

74 2728 248 2806 impressa:
270 2734 430 2794 clamante
452 2735 560 2795 iudice
580 2751 688 2794 coram
708 2735 828 2811 populo

76 2825 213 2904 furente,
235 2847 312 2890 ecce
335 2848 392 2891 rex
413 2841 532 2891 vester.

114 2927 254 2988 Pensate
281 2946 369 2990 nunc
399 2929 506 2989 cuncti
536 2929 667 3005 fideles,
700 2930 727 2989 si
760 2945 865 2990 um·25

76 3038 167 3097 quarn
198 3027 295 3086 talem
325 3027 555 3087 contumeliam
585 3037 617 3088 et
645 3036 708 3086 tarn
741 3043 828 3086 acer-

75 3119 240 3184 bissimam
262 3141 401 3199 poenam
424 3125 457 3185 in
479 3125 588 3202 aliquo
611 3125 650 3184 de
666 3124 829 3200 prioribus

77 3222 196 3282 sanctis
217 3221 348 3298 regibus
370 3223 422 3282 vel
438 3222 606 3298 prophetis
625 3221 761 3282 audistis
776 3223 828 3282 vel

76 3314 208 3395 legistis,
230 3319 315 3381 sicut
329 3337 416 3380 nunc
432 3320 536 3397 agitur
550 3320 583 3380 in
601 3319 741 3380 Domino
757 3337 829 3396 pro-

77 3415 261 3494 phetarum3
283 3417 316 3478 in
340 3418 428 3494 Rege
450 3419 654 3495 angelorum,
676 3417 709 3476 in
733 3417 876 3477 Prae-so.

78 3514 145 3575 sule
174 3515 319 3575 omnium
342 3514 564 3575 sacerdotum:
593 3515 626 3574 in
649 3513 742 3590 Agno
766 3513 826 3573 Dei

429 3619 470 3661 249
