2118 4186
224 450 264 502 ω
283 448 455 501 [SERMONES
468 450 507 492 DE
517 449 584 493 VITA
596 450 631 494 ET
642 451 791 495 PASSIONE
803 451 925 503 DOMINI]
939 451 974 504 ζῶ

227 582 380 644 iratribus
408 583 501 644 meis
545 584 574 646 Ο
597 585 754 647 melliflua
775 586 912 646 dulcedo
931 585 974 645 in·

225 680 464 757 dulgentissimi
482 683 556 743 lesu
579 683 716 744 inomni
733 683 974 745 conversatione

224 796 292 839 sua.
329 779 394 855 Qui
418 796 492 841 cum
515 791 632 858 potens
654 783 706 857 sit,
728 792 760 842 et
780 783 921 859 graviter
940 782 974 841 ab

224 877 339 938 amicis
370 887 402 937 et
430 877 569 938 subditis
601 877 766 955 offensus;
797 897 863 940 non
894 880 976 940 misit

201 985 364 1035 stortores
386 991 465 1035 suos
487 976 526 1035 ad
548 976 742 1036 trahendum
766 993 841 1038 reos
864 977 897 1037 in
914 993 976 1036 car-

166 1123 169 1130 .
225 1088 345 1144 cerem,
367 1087 428 1131 nec
450 1073 489 1132 ab
512 1072 621 1133 officio
637 1074 754 1134 collato
769 1073 912 1150 aliquem
928 1075 976 1133 de·

224 1169 349 1245 posuit:
378 1169 436 1229 sed
466 1179 629 1246 tamquam
659 1181 769 1246 pastor
797 1172 904 1232 bonus
926 1172 976 1248 qui

224 1267 372 1343 proprias
388 1284 467 1327 oves
490 1268 603 1345 diligit,
625 1270 776 1329 condolet
798 1285 912 1330 eorum
934 1270 977 1329 in-

225 1363 377 1440 firmitati,
399 1375 431 1425 et
453 1365 594 1427 consulit
609 1367 724 1442 saluti3
745 1384 833 1426 nunc
849 1367 975 1443 quidem

190 1479 282 1539 roper
303 1464 437 1540 angelos
459 1480 495 1523 se
511 1464 644 1538 revelat,
666 1481 753 1524 nunc
768 1481 828 1540 per
843 1465 975 1525 Mariam

188 1636 192 1644 Ι
224 1577 263 1621 ex
292 1578 352 1621 suo
380 1561 548 1621 nomine
575 1561 828 1637 specialiter
853 1564 978 1622 mandat

223 1659 364 1721 nuntiari
387 1660 535 1720 tristibus
554 1658 707 1719 iratribus
720 1659 857 1736 gloriam
875 1677 976 1721 resur·

224 1758 379 1819 rectionis
408 1774 486 1818 suae
515 1757 638 1817 dicens.
681 1757 772 1817 Vade
797 1758 837 1817 ad
865 1758 976 1818 iratres

223 1872 331 1916 meos:
361 1866 394 1916 et
422 1856 473 1916 dic
503 1855 561 1914 eis.
604 1853 757 1914 Ascendo
784 1856 823 1916 ad
851 1856 973 1916 Patrem

190 1971 343 2015 ismeum.
388 1954 502 2015 Dulcis
527 1954 683 2031 magister
708 1953 816 2014 dulcia
837 1953 976 2030 loquitur

224 2052 339 2129 verba3
361 2062 393 2112 et
416 2052 532 2112 iratres
554 2068 612 2111 eos
634 2050 780 2111 nominat
802 2051 856 2128 qui
874 2052 973 2128 ipsum

224 2151 314 2228 prius
341 2149 562 2210 offenderant:
591 2158 626 2208 ut
652 2148 792 2225 amplius
814 2149 974 2210 caritatem

224 2265 316 2309 suam
328 2249 545 2324 commendet,
560 2265 624 2324 qua
637 2265 695 2307 eos
710 2263 816 2323 usque
831 2246 865 2307 in
882 2247 974 2308 linem

224 2347 345 2408 dilexit.
389 2347 471 2406 Nam
498 2345 604 2422 primo
631 2344 762 2422 quidem
790 2345 831 2404 de
858 2342 974 2404 saeculi

187 2446 365 2506 aovanitate
393 2461 451 2505 eos
482 2444 521 2503 ad
553 2442 649 2503 fidem
682 2459 774 2502 suam
804 2441 975 2515 convertit;

224 2561 339 2621 magna
367 2542 523 2602 miracula
548 2541 635 2602 inter
660 2558 719 2601 eos
741 2550 895 2616 operatus
916 2547 975 2599 est:

223 2643 385 2701 immensa
419 2639 579 2700 beneficia
614 2639 663 2700 eis
699 2638 860 2715 ostendit3
895 2638 973 2698 viam

223 2739 369 2799 veritatis
405 2755 463 2797 eos
499 2737 626 2797 docuit:
667 2745 699 2797 et
736 2737 775 2796 ad
811 2733 975 2813 apostolici

222 2837 341 2913 gradus
372 2836 531 2897 honorem
562 2852 639 2912 prae
671 2834 824 2896 omnibus
860 2834 977 2894 sanctis

187 2933 330 3010 aselegit.
363 2933 401 2994 Et
416 2935 477 2994 hos
492 2943 565 3011 post
580 2931 803 3009 temptationis
818 2932 976 2992 turbinem

224 3040 256 3090 et
277 3031 388 3106 lapsus
410 3030 631 3092 infirmitatem
654 3039 785 3090 revocat
809 3032 849 3089 ad
872 3029 978 3106 paeni·

224 3127 376 3189 tentiam:
408 3139 440 3189 et
471 3130 504 3189 in
536 3128 768 3190 ferventiorem
801 3127 978 3187 sanctitatis

224 3224 318 3301 erigit
340 3234 475 3286 statum:
498 3236 594 3303 atque
616 3224 755 3285 visionis
777 3241 857 3284 suae
872 3226 978 3302 digna·
1042 3285 1043 3288 ,

223 3321 313 3383 tione
349 3321 516 3399 laetificat3
552 3323 673 3400 apertis
708 3322 916 3382 documentis
950 3330 979 3382 et

187 3421 387 3496 sopassionis
413 3437 493 3480 suae
514 3421 719 3497 stigmatibus
741 3419 885 3481 ostensis
907 3437 979 3480 con-

225 3517 329 3578 firmat
351 3518 384 3577 in
408 3518 470 3578 lide
493 3518 700 3593 vacillantes,
729 3527 763 3578 ut
794 3517 912 3577 lortius
935 3535 980 3578 re·
