2144 4194
197 444 238 495 &¹
257 442 429 494 [SERMONES
442 443 480 486 DE
491 443 557 484 VITA
569 442 605 486 ΕΤ
616 441 764 485 ΡΑδὸΙΟΝΕ
776 443 900 496 DOMINI]
915 446 954 497 K&

199 575 322 637 rabis.
359 576 533 653 Ingredere
554 586 663 636 tamen
685 576 804 637 melius
826 586 858 636 et
880 594 953 637 con·

199 674 356 750 templare
380 682 577 735 structuram
603 674 701 735 huius
732 675 794 734 loci
821 674 953 752 diligen·

199 771 281 846 tius;
311 771 440 848 inquire
471 781 502 832 et
524 771 651 848 inspice
673 772 727 833 ubi
749 772 892 849 positum
915 772 955 833 sit

199 869 279 930 illud
309 869 497 930 venerabile
527 870 753 947 praesepium,
783 870 955 931 continens

176 965 393 1028 5Creat0rem
404 967 679 1028 mundi:servans
688 968 795 1028 Deum
807 985 954 1044 puerum,

199 1063 375 1124 caelestem
397 1066 599 1141 thesaurum,
628 1065 862 1142 redemptionis
884 1082 955 1141 pre·

199 1160 297 1236 tium,
326 1162 515 1239 angelorum
545 1163 697 1239 gaudium
721 1172 752 1223 et
773 1163 954 1223 hominum.

198 1258 282 1318 Vide
311 1261 474 1336 quomodo
503 1262 594 1321 Deus
622 1262 721 1321 homo
747 1270 844 1321 natus
871 1261 955 1321 iacet

199 1355 316 1432 ligatus
345 1358 378 1418 in
401 1358 496 1418 cunis
518 1368 549 1419 et
570 1367 672 1434 tacet3
701 1375 796 1435 quam
819 1359 954 1419 abscon·

165 1473 189 1514 ιο
199 1454 265 1514 dite
287 1464 318 1516 et
344 1457 550 1533 pauperrime
573 1457 660 1534 degit
681 1457 715 1516 in
737 1457 870 1519 alienis:
900 1460 953 1536 qui

199 1561 316 1613 cuncta
337 1554 470 1631 largitur
485 1572 558 1615 cum
577 1556 672 1615 Patre
687 1555 720 1614 in
737 1555 846 1616 caelis.
878 1555 955 1617 Am·

198 1650 342 1727 plectere
363 1653 426 1711 hoc
441 1652 550 1712 nobile
571 1652 777 1729 praesepium
794 1654 955 1714 amorosis

198 1747 376 1824 bracchiis3
401 1758 433 1808 et
454 1749 603 1809 osculare
625 1748 705 1809 illud
727 1749 955 1826 frequentibus
1053 1818 1054 1834 χ

199 1846 337 1906 osculis:
360 1845 478 1906 dehinc
494 1855 526 1907 et
542 1846 616 1906 lesu
631 1847 769 1923 pedibus
786 1847 955 1908 humiliter

165 1943 410 2020 rsprovolvaris
459 1944 522 2003 Hic
551 1944 657 2004 Deum
689 1944 801 2004 adora:
831 1945 886 2005 bic
916 1963 954 2006 ex

199 2042 373 2102 devotione
394 2043 494 2119 plora.
531 2042 594 2102 Hic
611 2042 709 2118 vigila
729 2042 783 2102 hic
805 2059 879 2102 ora:
901 2043 954 2103 hic

198 2141 280 2216 lege,
309 2139 362 2199 hic
385 2149 487 2199 canta.
530 2139 593 2198 Hic
614 2140 734 2216 psalle,
763 2139 816 2199 hic
839 2139 956 2201 iubila:

199 2237 252 2297 hic
267 2247 334 2297 toto
351 2237 448 2297 corde
463 2236 613 2312 tripudia.
637 2236 722 2296 Huic
738 2253 840 2312 puero
853 2237 956 2297 mani·

199 2335 283 2396 iesta
304 2335 331 2394 si
352 2335 429 2412 quid
449 2335 542 2395 triste
557 2334 659 2395 habes
674 2335 726 2394 vel
741 2351 856 2410 grave3
878 2335 956 2394 huic

162 2432 362 2493 audesideria
383 2441 439 2492 tua
460 2433 623 2508 expande:
646 2440 767 2492 etcum
783 2449 822 2492 eo
838 2441 957 2492 cuncta

199 2538 369 2609 pertracta.
413 2531 528 2590 Dulcis
550 2540 582 2590 ei
604 2531 762 2591 amandus
790 2546 873 2606 puer
901 2530 957 2590 do-

201 2629 287 2689 cebit
308 2628 405 2689 mites
426 2629 497 2689 vias
519 2646 612 2689 suas:
635 2637 666 2688 et
688 2628 861 2688 humilium
884 2644 958 2687 sus·

199 2726 297 2802 cipiet
312 2742 438 2802 preces.
468 2725 542 2801 lpse
557 2726 648 2786 novit
663 2742 778 2785 curare
792 2723 956 2801 intirm0s3

199 2840 315 2883 sanare
337 2823 494 2883 contritos
514 2824 622 2899 corde,
644 2831 676 2883 et
691 2823 822 2899 alligare
838 2823 957 2882 contri·

163 2941 190 2982 25
200 2922 307 2982 tiones
329 2938 456 2982 eorum:
486 2923 563 2982 dare
591 2921 821 2982 remissionem
844 2920 957 2997 lugen-

200 3019 297 3095 tibus,
315 3029 347 3079 et
362 3019 501 3080 liberare
516 3020 555 3080 ab
571 3018 723 3079 omnibus
738 3017 957 3094 passionibus.

202 3118 251 3177 Da
272 3117 349 3177 huic
371 3134 428 3177 cor
448 3127 557 3177 tuum:
580 3126 612 3178 et
633 3126 707 3192 pete
722 3127 758 3176 ut
772 3116 806 3176 in
822 3132 861 3176 eo
877 3115 956 3175 scri·

200 3214 253 3274 bat
282 3215 507 3275 dulcissimum
539 3232 660 3275 nomen
690 3231 797 3275 suum.
848 3213 898 3272 Da
926 3212 955 3272 ei

199 3322 302 3373 totum
331 3315 417 3391 quod
449 3317 566 3375 habes:
596 3323 628 3375 et
656 3323 727 3374 esto
759 3313 831 3374 eius
859 3322 957 3387 totus,

163 3413 315 3472 aoamodo
338 3421 370 3472 et
391 3429 496 3489 usque
519 3412 552 3472 in
574 3412 820 3488 sempiternum.
855 3409 959 3470 Amor

202 3511 276 3571 lesu
292 3521 445 3573 aeternus
461 3520 492 3572 et
507 3511 690 3571 immensus
712 3509 809 3570 faciet
827 3510 901 3584 hoc,
923 3518 958 3567 ut

564 3615 592 3655 aa
