<?xml version="1.0" encoding="UTF-8"?>
<!DOCTYPE html PUBLIC "-//W3C//DTD XHTML 1.0 Transitional//EN"
    "http://www.w3.org/TR/xhtml1/DTD/xhtml1-transitional.dtd">
<html xmlns="http://www.w3.org/1999/xhtml" xml:lang="en" lang="en">
 <head>
  <title>
</title>
<meta http-equiv="Content-Type" content="text/html;charset=utf-8" />
  <meta name='ocr-system' content='tesseract 3.04.00' />
  <meta name='ocr-capabilities' content='ocr_page ocr_carea ocr_par ocr_line ocrx_word'/>
</head>
<body>
  <div class='ocr_page' id='page_1' title='image "./thomaehemerkena01pohlgoog_0115.png"; bbox 0 0 2144 4194; ppageno 0'>
   <div class='ocr_carea' id='block_1_1' title="bbox 246 441 1006 496">
    <p class='ocr_par' dir='ltr' id='par_1_1' title="bbox 246 441 1006 496">
     <span class='ocr_line' id='line_1_1' title="bbox 246 441 1006 496; baseline -0.003 -11"><span class='ocrx_word' id='word_1_1' title='bbox 246 445 287 496; x_wconf 51' lang='grc' dir='ltr'>ω</span> <span class='ocrx_word' id='word_1_2' title='bbox 305 443 477 495; x_wconf 81' lang='lat' dir='ltr'><strong>[SERMONES</strong></span> <span class='ocrx_word' id='word_1_3' title='bbox 489 442 528 485; x_wconf 83' lang='lat' dir='ltr'>DE</span> <span class='ocrx_word' id='word_1_4' title='bbox 538 443 605 484; x_wconf 76' lang='lat' dir='ltr'>vlrn</span> <span class='ocrx_word' id='word_1_5' title='bbox 617 441 652 484; x_wconf 89' lang='lat' dir='ltr'>ET</span> <span class='ocrx_word' id='word_1_6' title='bbox 663 441 811 486; x_wconf 69' lang='lat' dir='ltr'>passione</span> <span class='ocrx_word' id='word_1_7' title='bbox 823 441 945 494; x_wconf 82' lang='lat' dir='ltr'><strong>DOMINI]</strong></span> <span class='ocrx_word' id='word_1_8' title='bbox 961 443 1006 494; x_wconf 62' lang='grc' dir='ltr'>ἴῃ)</span> 
     </span>
    </p>
   </div>
   <div class='ocr_carea' id='block_1_2' title="bbox 212 575 1061 3577">
    <p class='ocr_par' dir='ltr' id='par_1_2' title="bbox 212 575 1061 3577">
     <span class='ocr_line' id='line_1_2' title="bbox 248 575 1005 653; baseline -0.003 -16"><span class='ocrx_word' id='word_1_9' title='bbox 248 578 341 653; x_wconf 92' lang='lat' dir='ltr'>dum;</span> <span class='ocrx_word' id='word_1_10' title='bbox 363 578 476 638; x_wconf 89' lang='lat' dir='ltr'>oculos</span> <span class='ocrx_word' id='word_1_11' title='bbox 498 578 570 638; x_wconf 86' lang='lat' dir='ltr'>lava</span> <span class='ocrx_word' id='word_1_12' title='bbox 591 576 735 637; x_wconf 86' lang='lat' dir='ltr'><strong>lacrimis</strong></span> <span class='ocrx_word' id='word_1_13' title='bbox 756 577 795 636; x_wconf 93' lang='lat' dir='ltr'>ad</span> <span class='ocrx_word' id='word_1_14' title='bbox 810 575 1005 636; x_wconf 90' lang='lat' dir='ltr'>videndum:</span> 
     </span>
     <span class='ocr_line' id='line_1_3' title="bbox 247 674 1007 752; baseline -0.001 -18"><span class='ocrx_word' id='word_1_15' title='bbox 247 693 349 752; x_wconf 86' lang='lat' dir='ltr'>purga</span> <span class='ocrx_word' id='word_1_16' title='bbox 359 693 476 735; x_wconf 91' lang='lat' dir='ltr'>manus</span> <span class='ocrx_word' id='word_1_17' title='bbox 486 675 525 736; x_wconf 90' lang='lat' dir='ltr'>ad</span> <span class='ocrx_word' id='word_1_18' title='bbox 536 674 1007 752; x_wconf 84' lang='lat' dir='ltr'>tangendum;expandebrac·</span> 
     </span>
     <span class='ocr_line' id='line_1_4' title="bbox 248 771 1007 849; baseline -0.003 -17"><span class='ocrx_word' id='word_1_19' title='bbox 248 773 321 833; x_wconf 92' lang='lat' dir='ltr'>chia</span> <span class='ocrx_word' id='word_1_20' title='bbox 349 773 388 832; x_wconf 93' lang='lat' dir='ltr'>ad</span> <span class='ocrx_word' id='word_1_21' title='bbox 417 773 680 849; x_wconf 87' lang='lat' dir='ltr'>amplexandum:</span> <span class='ocrx_word' id='word_1_22' title='bbox 712 771 807 832; x_wconf 84' lang='lat' dir='ltr'>flecte</span> <span class='ocrx_word' id='word_1_23' title='bbox 835 771 1007 832; x_wconf 87' lang='lat' dir='ltr'>humiliter</span> 
     </span>
     <span class='ocr_line' id='line_1_5' title="bbox 246 869 1004 947; baseline -0.001 -17"><span class='ocrx_word' id='word_1_24' title='bbox 246 887 353 947; x_wconf 85' lang='lat' dir='ltr'>genua</span> <span class='ocrx_word' id='word_1_25' title='bbox 367 871 406 930; x_wconf 92' lang='lat' dir='ltr'>ad</span> <span class='ocrx_word' id='word_1_26' title='bbox 422 871 631 931; x_wconf 88' lang='lat' dir='ltr'>adorandum.</span> <span class='ocrx_word' id='word_1_27' title='bbox 661 869 690 930; x_wconf 92' lang='grc' dir='ltr'><strong>Ο</strong></span> <span class='ocrx_word' id='word_1_28' title='bbox 710 870 738 930; x_wconf 92' lang='lat' dir='ltr'>si</span> <span class='ocrx_word' id='word_1_29' title='bbox 760 871 899 930; x_wconf 90' lang='lat' dir='ltr'>haberes</span> <span class='ocrx_word' id='word_1_30' title='bbox 913 886 1004 930; x_wconf 91' lang='lat' dir='ltr'>nunc</span> 
     </span>
     <span class='ocr_line' id='line_1_6' title="bbox 225 968 1004 1045; baseline 0.001 -21"><span class='ocrx_word' id='word_1_31' title='bbox 225 969 405 1029; x_wconf 82' lang='lat' dir='ltr'>sscrinium</span> <span class='ocrx_word' id='word_1_32' title='bbox 437 969 612 1044; x_wconf 90' lang='lat' dir='ltr'>mundum,</span> <span class='ocrx_word' id='word_1_33' title='bbox 647 968 827 1045; x_wconf 88' lang='lat' dir='ltr'>pulchriter</span> <span class='ocrx_word' id='word_1_34' title='bbox 857 983 934 1028; x_wconf 85' lang='lat' dir='ltr'>auro</span> <span class='ocrx_word' id='word_1_35' title='bbox 964 983 1004 1026; x_wconf 86' lang='lat' dir='ltr'>ac</span> 
     </span>
     <span class='ocr_line' id='line_1_7' title="bbox 247 1066 1005 1144; baseline -0.007 -17"><span class='ocrx_word' id='word_1_36' title='bbox 247 1067 386 1144; x_wconf 86' lang='lat' dir='ltr'>gemmis</span> <span class='ocrx_word' id='word_1_37' title='bbox 408 1066 553 1143; x_wconf 90' lang='lat' dir='ltr'>undique</span> <span class='ocrx_word' id='word_1_38' title='bbox 569 1066 773 1127; x_wconf 88' lang='lat' dir='ltr'>decoratum:</span> <span class='ocrx_word' id='word_1_39' title='bbox 795 1075 831 1125; x_wconf 85' lang='lat' dir='ltr'>ut</span> <span class='ocrx_word' id='word_1_40' title='bbox 849 1066 884 1124; x_wconf 91' lang='lat' dir='ltr'>in</span> <span class='ocrx_word' id='word_1_41' title='bbox 898 1080 936 1123; x_wconf 93' lang='lat' dir='ltr'>eo</span> <span class='ocrx_word' id='word_1_42' title='bbox 953 1081 1005 1123; x_wconf 91' lang='lat' dir='ltr'>re-</span> 
     </span>
     <span class='ocr_line' id='line_1_8' title="bbox 248 1161 1004 1240; baseline -0.007 -15"><span class='ocrx_word' id='word_1_43' title='bbox 248 1181 388 1240; x_wconf 85' lang='lat' dir='ltr'>poneres</span> <span class='ocrx_word' id='word_1_44' title='bbox 405 1165 511 1224; x_wconf 88' lang='lat' dir='ltr'>Deum</span> <span class='ocrx_word' id='word_1_45' title='bbox 534 1181 671 1239; x_wconf 89' lang='lat' dir='ltr'>puerum</span> <span class='ocrx_word' id='word_1_46' title='bbox 694 1173 815 1224; x_wconf 90' lang='lat' dir='ltr'>natum.</span> <span class='ocrx_word' id='word_1_47' title='bbox 845 1161 910 1222; x_wconf 88' lang='lat' dir='ltr'>Sed</span> <span class='ocrx_word' id='word_1_48' title='bbox 931 1162 1004 1221; x_wconf 94' lang='lat' dir='ltr'>nul-</span> 
     </span>
     <span class='ocr_line' id='line_1_9' title="bbox 248 1260 1002 1337; baseline -0.003 -17"><span class='ocrx_word' id='word_1_49' title='bbox 248 1262 314 1321; x_wconf 91' lang='lat' dir='ltr'>lum</span> <span class='ocrx_word' id='word_1_50' title='bbox 344 1272 393 1322; x_wconf 89' lang='lat' dir='ltr'>est</span> <span class='ocrx_word' id='word_1_51' title='bbox 415 1262 571 1322; x_wconf 92' lang='lat' dir='ltr'>scrinium</span> <span class='ocrx_word' id='word_1_52' title='bbox 594 1272 659 1322; x_wconf 85' lang='lat' dir='ltr'>tam</span> <span class='ocrx_word' id='word_1_53' title='bbox 682 1271 790 1337; x_wconf 91' lang='lat' dir='ltr'>aptum</span> <span class='ocrx_word' id='word_1_54' title='bbox 814 1270 846 1321; x_wconf 88' lang='lat' dir='ltr'>et</span> <span class='ocrx_word' id='word_1_55' title='bbox 869 1260 1002 1336; x_wconf 86' lang='lat' dir='ltr'>dignum</span> 
     </span>
     <span class='ocr_line' id='line_1_10' title="bbox 247 1358 1005 1436; baseline -0.004 -17"><span class='ocrx_word' id='word_1_56' title='bbox 247 1360 286 1419; x_wconf 91' lang='lat' dir='ltr'>ad</span> <span class='ocrx_word' id='word_1_57' title='bbox 302 1360 524 1435; x_wconf 90' lang='lat' dir='ltr'>recipiendum</span> <span class='ocrx_word' id='word_1_58' title='bbox 542 1360 648 1420; x_wconf 89' lang='lat' dir='ltr'>Deum</span> <span class='ocrx_word' id='word_1_59' title='bbox 670 1377 824 1436; x_wconf 92' lang='lat' dir='ltr'>puerum:</span> <span class='ocrx_word' id='word_1_60' title='bbox 847 1358 932 1418; x_wconf 90' lang='lat' dir='ltr'>sicut</span> <span class='ocrx_word' id='word_1_61' title='bbox 947 1374 1005 1417; x_wconf 90' lang='lat' dir='ltr'>cor</span> 
     </span>
     <span class='ocr_line' id='line_1_11' title="bbox 215 1455 1002 1532; baseline -0.001 -17"><span class='ocrx_word' id='word_1_62' title='bbox 215 1473 238 1514; x_wconf 86' lang='lat' dir='ltr'>ro</span> <span class='ocrx_word' id='word_1_63' title='bbox 248 1466 339 1516; x_wconf 90' lang='lat' dir='ltr'>tuum</span> <span class='ocrx_word' id='word_1_64' title='bbox 362 1457 401 1515; x_wconf 89' lang='lat' dir='ltr'>ab</span> <span class='ocrx_word' id='word_1_65' title='bbox 417 1457 504 1516; x_wconf 94' lang='lat' dir='ltr'>omni</span> <span class='ocrx_word' id='word_1_66' title='bbox 521 1456 643 1516; x_wconf 84' lang='lat' dir='ltr'>malitia</span> <span class='ocrx_word' id='word_1_67' title='bbox 663 1473 791 1532; x_wconf 91' lang='lat' dir='ltr'>purum.</span> <span class='ocrx_word' id='word_1_68' title='bbox 826 1456 899 1532; x_wconf 90' lang='lat' dir='ltr'>Ipse</span> <span class='ocrx_word' id='word_1_69' title='bbox 915 1455 1002 1516; x_wconf 91' lang='lat' dir='ltr'>enim</span> 
     </span>
     <span class='ocr_line' id='line_1_12' title="bbox 249 1555 1004 1632; baseline -0.003 -19"><span class='ocrx_word' id='word_1_70' title='bbox 249 1572 327 1614; x_wconf 95' lang='lat' dir='ltr'>non</span> <span class='ocrx_word' id='word_1_71' title='bbox 350 1555 530 1632; x_wconf 86' lang='lat' dir='ltr'>requirit</span> <span class='ocrx_word' id='word_1_72' title='bbox 552 1555 788 1615; x_wconf 85' lang='lat' dir='ltr'>exteriorem</span> <span class='ocrx_word' id='word_1_73' title='bbox 811 1564 1004 1614; x_wconf 91' lang='lat' dir='ltr'>ornatum:</span> 
     </span>
     <span class='ocr_line' id='line_1_13' title="bbox 248 1650 1004 1727; baseline -0.001 -16"><span class='ocrx_word' id='word_1_74' title='bbox 248 1652 318 1711; x_wconf 91' lang='lat' dir='ltr'>sed</span> <span class='ocrx_word' id='word_1_75' title='bbox 341 1652 445 1727; x_wconf 92' lang='lat' dir='ltr'>quod</span> <span class='ocrx_word' id='word_1_76' title='bbox 474 1650 762 1712; x_wconf 86' lang='lat' dir='ltr'>exterioribus</span> <span class='ocrx_word' id='word_1_77' title='bbox 792 1668 1004 1711; x_wconf 88' lang='lat' dir='ltr'>ornamen-</span> 
     </span>
     <span class='ocr_line' id='line_1_14' title="bbox 248 1748 1002 1827; baseline -0.003 -18"><span class='ocrx_word' id='word_1_78' title='bbox 248 1750 303 1810; x_wconf 89' lang='lat' dir='ltr'>tis</span> <span class='ocrx_word' id='word_1_79' title='bbox 329 1749 504 1827; x_wconf 88' lang='lat' dir='ltr'>mystice</span> <span class='ocrx_word' id='word_1_80' title='bbox 534 1749 725 1825; x_wconf 85' lang='lat' dir='ltr'>signatur‚</span> <span class='ocrx_word' id='word_1_81' title='bbox 751 1749 822 1807; x_wconf 92' lang='lat' dir='ltr'>hoc</span> <span class='ocrx_word' id='word_1_82' title='bbox 845 1758 905 1808; x_wconf 92' lang='lat' dir='ltr'>est</span> <span class='ocrx_word' id='word_1_83' title='bbox 926 1748 1002 1807; x_wconf 90' lang='lat' dir='ltr'>sibi</span> 
     </span>
     <span class='ocr_line' id='line_1_15' title="bbox 248 1845 1003 1922; baseline -0.001 -16"><span class='ocrx_word' id='word_1_84' title='bbox 248 1847 367 1906; x_wconf 91' lang='lat' dir='ltr'>valde</span> <span class='ocrx_word' id='word_1_85' title='bbox 396 1862 533 1906; x_wconf 92' lang='lat' dir='ltr'>carum</span> <span class='ocrx_word' id='word_1_86' title='bbox 563 1855 602 1905; x_wconf 89' lang='lat' dir='ltr'>et</span> <span class='ocrx_word' id='word_1_87' title='bbox 623 1855 794 1922; x_wconf 86' lang='lat' dir='ltr'>gratum.</span> <span class='ocrx_word' id='word_1_88' title='bbox 837 1845 902 1906; x_wconf 89' lang='lat' dir='ltr'>Sed</span> <span class='ocrx_word' id='word_1_89' title='bbox 924 1862 1003 1922; x_wconf 93' lang='lat' dir='ltr'>quo-</span> 
     </span>
     <span class='ocr_line' id='line_1_16' title="bbox 214 1943 1061 2071; baseline -0.001 -68"><span class='ocrx_word' id='word_1_90' title='bbox 214 1943 1005 2020; x_wconf 75' lang='lat' dir='ltr'>mmodoaptaerisaddignerecipiendumeum?</span> <span class='ocrx_word' id='word_1_91' title='bbox 1060 1981 1061 2071; x_wconf 34' lang='grc'>1</span> 
     </span>
     <span class='ocr_line' id='line_1_17' title="bbox 250 2040 1005 2118; baseline -0.003 -16"><span class='ocrx_word' id='word_1_92' title='bbox 250 2042 349 2118; x_wconf 86' lang='lat' dir='ltr'>Nigra</span> <span class='ocrx_word' id='word_1_93' title='bbox 370 2059 407 2101; x_wconf 89' lang='lat' dir='ltr'>es</span> <span class='ocrx_word' id='word_1_94' title='bbox 429 2051 460 2101; x_wconf 90' lang='lat' dir='ltr'>et</span> <span class='ocrx_word' id='word_1_95' title='bbox 483 2040 656 2101; x_wconf 83' lang='lat' dir='ltr'>deformis:</span> <span class='ocrx_word' id='word_1_96' title='bbox 678 2051 710 2101; x_wconf 90' lang='lat' dir='ltr'>et</span> <span class='ocrx_word' id='word_1_97' title='bbox 727 2040 782 2100; x_wconf 93' lang='lat' dir='ltr'>ille</span> <span class='ocrx_word' id='word_1_98' title='bbox 805 2041 942 2117; x_wconf 87' lang='lat' dir='ltr'>pulcher</span> <span class='ocrx_word' id='word_1_99' title='bbox 958 2041 1005 2099; x_wconf 96' lang='lat' dir='ltr'>ni-</span> 
     </span>
     <span class='ocr_line' id='line_1_18' title="bbox 248 2138 1005 2215; baseline -0.003 -15"><span class='ocrx_word' id='word_1_100' title='bbox 248 2141 311 2200; x_wconf 93' lang='lat' dir='ltr'>mis</span> <span class='ocrx_word' id='word_1_101' title='bbox 327 2149 358 2199; x_wconf 88' lang='lat' dir='ltr'>et</span> <span class='ocrx_word' id='word_1_102' title='bbox 374 2139 522 2198; x_wconf 90' lang='lat' dir='ltr'>decorus.</span> <span class='ocrx_word' id='word_1_103' title='bbox 559 2138 647 2215; x_wconf 91' lang='lat' dir='ltr'>Quid</span> <span class='ocrx_word' id='word_1_104' title='bbox 671 2138 798 2198; x_wconf 81' lang='lat' dir='ltr'>facies?</span> <span class='ocrx_word' id='word_1_105' title='bbox 835 2139 1005 2199; x_wconf 89' lang='lat' dir='ltr'>Recedere</span> 
     </span>
     <span class='ocr_line' id='line_1_19' title="bbox 250 2209 1060 2312; baseline 0.001 -14"><span class='ocrx_word' id='word_1_106' title='bbox 250 2239 288 2298; x_wconf 88' lang='lat' dir='ltr'>ab</span> <span class='ocrx_word' id='word_1_107' title='bbox 316 2254 354 2298; x_wconf 92' lang='lat' dir='ltr'>eo</span> <span class='ocrx_word' id='word_1_108' title='bbox 384 2254 450 2297; x_wconf 92' lang='lat' dir='ltr'>non</span> <span class='ocrx_word' id='word_1_109' title='bbox 482 2236 627 2312; x_wconf 86' lang='lat' dir='ltr'>expedit:</span> <span class='ocrx_word' id='word_1_110' title='bbox 664 2245 695 2296; x_wconf 89' lang='lat' dir='ltr'>et</span> <span class='ocrx_word' id='word_1_111' title='bbox 727 2237 884 2296; x_wconf 89' lang='lat' dir='ltr'>accedere</span> <span class='ocrx_word' id='word_1_112' title='bbox 914 2236 1005 2295; x_wconf 86' lang='lat' dir='ltr'>illota</span> <span class='ocrx_word' id='word_1_113' title='bbox 1059 2209 1060 2299; x_wconf 65' lang='lat' dir='ltr'>l</span> 
     </span>
     <span class='ocr_line' id='line_1_20' title="bbox 249 2333 1059 2418; baseline -0.005 -22"><span class='ocrx_word' id='word_1_114' title='bbox 249 2336 332 2396; x_wconf 78' lang='lat' dir='ltr'>facie</span> <span class='ocrx_word' id='word_1_115' title='bbox 354 2351 419 2394; x_wconf 92' lang='lat' dir='ltr'>non</span> <span class='ocrx_word' id='word_1_116' title='bbox 443 2335 545 2393; x_wconf 88' lang='lat' dir='ltr'>decet.</span> <span class='ocrx_word' id='word_1_117' title='bbox 589 2334 763 2411; x_wconf 89' lang='lat' dir='ltr'>Quomodo</span> <span class='ocrx_word' id='word_1_118' title='bbox 792 2333 1004 2394; x_wconf 89' lang='lat' dir='ltr'>mundaberis</span> <span class='ocrx_word' id='word_1_119' title='bbox 1058 2415 1059 2418; x_wconf 8' lang='grc' dir='ltr'><strong>Ἴ</strong></span> 
     </span>
     <span class='ocr_line' id='line_1_21' title="bbox 212 2430 1004 2493; baseline 0.002 -5"><span class='ocrx_word' id='word_1_120' title='bbox 212 2434 360 2493; x_wconf 82' lang='lat' dir='ltr'>oomultis</span> <span class='ocrx_word' id='word_1_121' title='bbox 391 2432 515 2492; x_wconf 89' lang='lat' dir='ltr'>irretita</span> <span class='ocrx_word' id='word_1_122' title='bbox 545 2431 661 2492; x_wconf 78' lang='lat' dir='ltr'>vitiis?</span> <span class='ocrx_word' id='word_1_123' title='bbox 710 2431 775 2492; x_wconf 91' lang='lat' dir='ltr'>Sed</span> <span class='ocrx_word' id='word_1_124' title='bbox 805 2431 872 2491; x_wconf 94' lang='lat' dir='ltr'>noli</span> <span class='ocrx_word' id='word_1_125' title='bbox 904 2430 1004 2491; x_wconf 91' lang='lat' dir='ltr'>nimis</span> 
     </span>
     <span class='ocr_line' id='line_1_22' title="bbox 249 2527 1004 2604; baseline 0 -15"><span class='ocrx_word' id='word_1_126' title='bbox 249 2529 371 2589; x_wconf 90' lang='lat' dir='ltr'>vereri:</span> <span class='ocrx_word' id='word_1_127' title='bbox 408 2545 468 2587; x_wconf 90' lang='lat' dir='ltr'>nec</span> <span class='ocrx_word' id='word_1_128' title='bbox 505 2528 544 2587; x_wconf 92' lang='lat' dir='ltr'>de</span> <span class='ocrx_word' id='word_1_129' title='bbox 579 2527 682 2604; x_wconf 85' lang='lat' dir='ltr'>plagis</span> <span class='ocrx_word' id='word_1_130' title='bbox 717 2527 782 2587; x_wconf 89' lang='lat' dir='ltr'>tuis</span> <span class='ocrx_word' id='word_1_131' title='bbox 818 2529 1004 2604; x_wconf 84' lang='lat' dir='ltr'>desperare.</span> 
     </span>
     <span class='ocr_line' id='line_1_23' title="bbox 250 2624 1005 2701; baseline 0.001 -16"><span class='ocrx_word' id='word_1_132' title='bbox 250 2626 428 2701; x_wconf 84' lang='lat' dir='ltr'>Displiceat</span> <span class='ocrx_word' id='word_1_133' title='bbox 443 2625 499 2685; x_wconf 91' lang='lat' dir='ltr'>tibi</span> <span class='ocrx_word' id='word_1_134' title='bbox 519 2625 606 2701; x_wconf 92' lang='lat' dir='ltr'>quod</span> <span class='ocrx_word' id='word_1_135' title='bbox 621 2624 695 2684; x_wconf 89' lang='lat' dir='ltr'>talis</span> <span class='ocrx_word' id='word_1_136' title='bbox 710 2625 772 2685; x_wconf 89' lang='lat' dir='ltr'>sis:</span> <span class='ocrx_word' id='word_1_137' title='bbox 796 2624 880 2685; x_wconf 86' lang='lat' dir='ltr'>delle</span> <span class='ocrx_word' id='word_1_138' title='bbox 895 2643 1005 2686; x_wconf 92' lang='lat' dir='ltr'>macu-</span> 
     </span>
     <span class='ocr_line' id='line_1_24' title="bbox 249 2715 1058 2799; baseline 0 -16"><span class='ocrx_word' id='word_1_139' title='bbox 249 2726 296 2783; x_wconf 91' lang='lat' dir='ltr'>las</span> <span class='ocrx_word' id='word_1_140' title='bbox 318 2724 443 2799; x_wconf 88' lang='lat' dir='ltr'>culpae,</span> <span class='ocrx_word' id='word_1_141' title='bbox 465 2723 559 2782; x_wconf 88' lang='lat' dir='ltr'>ablue</span> <span class='ocrx_word' id='word_1_142' title='bbox 582 2722 695 2782; x_wconf 90' lang='lat' dir='ltr'>intima</span> <span class='ocrx_word' id='word_1_143' title='bbox 717 2722 913 2783; x_wconf 88' lang='lat' dir='ltr'>contritione</span> <span class='ocrx_word' id='word_1_144' title='bbox 936 2741 1004 2784; x_wconf 88' lang='lat' dir='ltr'>rea·</span> <span class='ocrx_word' id='word_1_145' title='bbox 1057 2715 1058 2759; x_wconf 58' lang='lat'>¹</span> 
     </span>
     <span class='ocr_line' id='line_1_25' title="bbox 248 2819 1057 2895; baseline 0 -15"><span class='ocrx_word' id='word_1_146' title='bbox 248 2831 301 2880; x_wconf 90' lang='lat' dir='ltr'>tus</span> <span class='ocrx_word' id='word_1_147' title='bbox 330 2819 565 2894; x_wconf 85' lang='lat' dir='ltr'>conscientiae3</span> <span class='ocrx_word' id='word_1_148' title='bbox 594 2831 625 2880; x_wconf 92' lang='lat' dir='ltr'>et</span> <span class='ocrx_word' id='word_1_149' title='bbox 653 2829 727 2895; x_wconf 88' lang='lat' dir='ltr'>pete</span> <span class='ocrx_word' id='word_1_150' title='bbox 757 2820 796 2879; x_wconf 91' lang='lat' dir='ltr'>ab</span> <span class='ocrx_word' id='word_1_151' title='bbox 825 2837 864 2880; x_wconf 93' lang='lat' dir='ltr'>eo</span> <span class='ocrx_word' id='word_1_152' title='bbox 893 2821 1003 2881; x_wconf 91' lang='lat' dir='ltr'>oleum</span> <span class='ocrx_word' id='word_1_153' title='bbox 1056 2859 1057 2880; x_wconf 39' lang='lat' dir='ltr'>i</span> 
     </span>
     <span class='ocr_line' id='line_1_26' title="bbox 212 2908 1057 2993; baseline 0.002 -17"><span class='ocrx_word' id='word_1_154' title='bbox 212 2936 238 2976; x_wconf 81' lang='lat'>25</span> <span class='ocrx_word' id='word_1_155' title='bbox 249 2917 507 2992; x_wconf 86' lang='lat' dir='ltr'>misericordiae,</span> <span class='ocrx_word' id='word_1_156' title='bbox 537 2917 739 2993; x_wconf 83' lang='lat' dir='ltr'>largitionem</span> <span class='ocrx_word' id='word_1_157' title='bbox 762 2919 878 2993; x_wconf 83' lang='lat' dir='ltr'>plenae</span> <span class='ocrx_word' id='word_1_158' title='bbox 900 2917 1006 2978; x_wconf 92' lang='lat' dir='ltr'>indul·</span> <span class='ocrx_word' id='word_1_159' title='bbox 1056 2908 1057 2989; x_wconf 75' lang='lat' dir='ltr'>l</span> 
     </span>
     <span class='ocr_line' id='line_1_27' title="bbox 247 3015 1003 3092; baseline 0.003 -18"><span class='ocrx_word' id='word_1_160' title='bbox 247 3015 391 3092; x_wconf 83' lang='lat' dir='ltr'>gantiae:</span> <span class='ocrx_word' id='word_1_161' title='bbox 421 3032 457 3074; x_wconf 90' lang='lat' dir='ltr'>ac</span> <span class='ocrx_word' id='word_1_162' title='bbox 485 3015 722 3074; x_wconf 88' lang='lat' dir='ltr'>restitutionem</span> <span class='ocrx_word' id='word_1_163' title='bbox 746 3032 850 3075; x_wconf 90' lang='lat' dir='ltr'>novae</span> <span class='ocrx_word' id='word_1_164' title='bbox 872 3016 1003 3092; x_wconf 86' lang='lat' dir='ltr'>gratiae.</span> 
     </span>
     <span class='ocr_line' id='line_1_28' title="bbox 249 3111 1003 3188; baseline 0.003 -18"><span class='ocrx_word' id='word_1_165' title='bbox 249 3111 323 3172; x_wconf 93' lang='lat' dir='ltr'>Non</span> <span class='ocrx_word' id='word_1_166' title='bbox 346 3111 412 3172; x_wconf 90' lang='lat' dir='ltr'>eris</span> <span class='ocrx_word' id='word_1_167' title='bbox 434 3112 620 3186; x_wconf 89' lang='lat' dir='ltr'>desperata:</span> <span class='ocrx_word' id='word_1_168' title='bbox 649 3113 799 3188; x_wconf 91' lang='lat' dir='ltr'>quamvis</span> <span class='ocrx_word' id='word_1_169' title='bbox 821 3113 915 3172; x_wconf 85' lang='lat' dir='ltr'>valde</span> <span class='ocrx_word' id='word_1_170' title='bbox 938 3131 1003 3173; x_wconf 90' lang='lat' dir='ltr'>ma·</span> 
     </span>
     <span class='ocr_line' id='line_1_29' title="bbox 248 3195 1056 3287; baseline 0.002 -19"><span class='ocrx_word' id='word_1_171' title='bbox 248 3209 362 3268; x_wconf 88' lang='lat' dir='ltr'>culata.</span> <span class='ocrx_word' id='word_1_172' title='bbox 394 3209 480 3268; x_wconf 90' lang='lat' dir='ltr'>Puer</span> <span class='ocrx_word' id='word_1_173' title='bbox 502 3208 563 3267; x_wconf 88' lang='lat' dir='ltr'>iste</span> <span class='ocrx_word' id='word_1_174' title='bbox 584 3209 645 3268; x_wconf 91' lang='lat' dir='ltr'>scit</span> <span class='ocrx_word' id='word_1_175' title='bbox 667 3209 834 3269; x_wconf 86' lang='lat' dir='ltr'>immunda</span> <span class='ocrx_word' id='word_1_176' title='bbox 855 3226 1004 3287; x_wconf 84' lang='lat' dir='ltr'>purgare,</span> <span class='ocrx_word' id='word_1_177' title='bbox 1055 3195 1056 3198; x_wconf 23' lang='lat'>¹</span> 
     </span>
     <span class='ocr_line' id='line_1_30' title="bbox 248 3304 1004 3382; baseline 0.003 -17"><span class='ocrx_word' id='word_1_178' title='bbox 248 3306 339 3382; x_wconf 86' lang='lat' dir='ltr'>nigra</span> <span class='ocrx_word' id='word_1_179' title='bbox 381 3304 570 3379; x_wconf 90' lang='lat' dir='ltr'>candidare,</span> <span class='ocrx_word' id='word_1_180' title='bbox 612 3307 798 3366; x_wconf 90' lang='lat' dir='ltr'>turbulenta</span> <span class='ocrx_word' id='word_1_181' title='bbox 839 3322 1004 3381; x_wconf 87' lang='lat' dir='ltr'>serenare,</span> 
     </span>
     <span class='ocr_line' id='line_1_31' title="bbox 212 3381 1055 3478; baseline 0.002 -15"><span class='ocrx_word' id='word_1_182' title='bbox 212 3419 356 3465; x_wconf 79' lang='lat' dir='ltr'>soamara</span> <span class='ocrx_word' id='word_1_183' title='bbox 378 3402 564 3477; x_wconf 83' lang='lat' dir='ltr'>dulcorare3</span> <span class='ocrx_word' id='word_1_184' title='bbox 583 3401 693 3478; x_wconf 85' lang='lat' dir='ltr'>gravia</span> <span class='ocrx_word' id='word_1_185' title='bbox 715 3402 867 3478; x_wconf 86' lang='lat' dir='ltr'>levigare,</span> <span class='ocrx_word' id='word_1_186' title='bbox 890 3413 921 3464; x_wconf 90' lang='lat' dir='ltr'>et</span> <span class='ocrx_word' id='word_1_187' title='bbox 937 3421 1002 3464; x_wconf 94' lang='lat' dir='ltr'>om·</span> <span class='ocrx_word' id='word_1_188' title='bbox 1054 3381 1055 3447; x_wconf 55' lang='lat' dir='ltr'>l</span> 
     </span>
     <span class='ocr_line' id='line_1_32' title="bbox 248 3498 1000 3577; baseline 0.004 -19"><span class='ocrx_word' id='word_1_189' title='bbox 248 3500 302 3559; x_wconf 91' lang='lat' dir='ltr'>nia</span> <span class='ocrx_word' id='word_1_190' title='bbox 322 3499 440 3559; x_wconf 92' lang='lat' dir='ltr'>vitiosa</span> <span class='ocrx_word' id='word_1_191' title='bbox 461 3498 636 3574; x_wconf 88' lang='lat' dir='ltr'>extirpare:</span> <span class='ocrx_word' id='word_1_192' title='bbox 657 3499 810 3575; x_wconf 84' lang='lat' dir='ltr'>gaudium</span> <span class='ocrx_word' id='word_1_193' title='bbox 835 3511 867 3560; x_wconf 89' lang='lat' dir='ltr'>et</span> <span class='ocrx_word' id='word_1_194' title='bbox 888 3518 1000 3577; x_wconf 88' lang='lat' dir='ltr'>pacem</span> 
     </span>
    </p>
   </div>
   <div class='ocr_carea' id='block_1_3' title="bbox 0 0 1101 4194">
    <p class='ocr_par' dir='ltr' id='par_1_3' title="bbox 0 0 1101 4194">
     <span class='ocr_line' id='line_1_33' title="bbox 0 0 1101 4194; baseline 0 0"><span class='ocrx_word' id='word_1_195' title='bbox 0 0 1101 4194; x_wconf 95' lang='lat' dir='ltr'> </span> 
     </span>
    </p>
   </div>
  </div>
 </body>
</html>
