<?xml version="1.0" encoding="UTF-8"?>
<!DOCTYPE html PUBLIC "-//W3C//DTD XHTML 1.0 Transitional//EN"
    "http://www.w3.org/TR/xhtml1/DTD/xhtml1-transitional.dtd">
<html xmlns="http://www.w3.org/1999/xhtml" xml:lang="en" lang="en">
 <head>
  <title>
</title>
<meta http-equiv="Content-Type" content="text/html;charset=utf-8" />
  <meta name='ocr-system' content='tesseract 3.04.00' />
  <meta name='ocr-capabilities' content='ocr_page ocr_carea ocr_par ocr_line ocrx_word'/>
</head>
<body>
  <div class='ocr_page' id='page_1' title='image "./thomaehemerkena01pohlgoog_0140.png"; bbox 0 0 2144 4194; ppageno 0'>
   <div class='ocr_carea' id='block_1_1' title="bbox 526 605 1069 977">
    <p class='ocr_par' dir='ltr' id='par_1_1' title="bbox 526 605 1069 977">
     <span class='ocr_line' id='line_1_1' title="bbox 526 605 1069 682; baseline 0.009 -19"><span class='ocrx_word' id='word_1_1' title='bbox 526 621 645 681; x_wconf 87' lang='lat' dir='ltr'><strong>magna</strong></span> <span class='ocrx_word' id='word_1_2' title='bbox 672 605 809 666; x_wconf 90' lang='lat' dir='ltr'><strong>utilitate</strong></span> <span class='ocrx_word' id='word_1_3' title='bbox 839 616 967 682; x_wconf 89' lang='lat' dir='ltr'><strong>nostra,</strong></span> <span class='ocrx_word' id='word_1_4' title='bbox 996 609 1069 668; x_wconf 86' lang='lat' dir='ltr'><strong>Deu</strong></span> 
     </span>
     <span class='ocr_line' id='line_1_2' title="bbox 529 703 1057 782; baseline 0.009 -21"><span class='ocrx_word' id='word_1_5' title='bbox 529 703 687 779; x_wconf 84' lang='lat' dir='ltr'>permisit,</span> <span class='ocrx_word' id='word_1_6' title='bbox 709 713 743 764; x_wconf 96' lang='lat' dir='ltr'><strong>ut</strong></span> <span class='ocrx_word' id='word_1_7' title='bbox 763 704 869 765; x_wconf 85' lang='lat' dir='ltr'><strong>Maria</strong></span> <span class='ocrx_word' id='word_1_8' title='bbox 891 705 993 765; x_wconf 90' lang='lat' dir='ltr'><strong>lilium</strong></span> <span class='ocrx_word' id='word_1_9' title='bbox 1016 722 1057 782; x_wconf 91' lang='lat' dir='ltr'><strong>pe</strong></span> 
     </span>
     <span class='ocr_line' id='line_1_3' title="bbox 532 801 1059 880; baseline 0.006 -20"><span class='ocrx_word' id='word_1_10' title='bbox 532 801 632 860; x_wconf 90' lang='lat' dir='ltr'><strong>diturn</strong></span> <span class='ocrx_word' id='word_1_11' title='bbox 653 801 767 861; x_wconf 91' lang='lat' dir='ltr'><strong>dolens</strong></span> <span class='ocrx_word' id='word_1_12' title='bbox 789 813 978 878; x_wconf 89' lang='lat' dir='ltr'><strong>quaereret,</strong></span> <span class='ocrx_word' id='word_1_13' title='bbox 1007 812 1059 880; x_wconf 87' lang='lat' dir='ltr'><strong>atq</strong></span> 
     </span>
     <span class='ocr_line' id='line_1_4' title="bbox 534 898 1059 977; baseline 0.008 -20"><span class='ocrx_word' id='word_1_14' title='bbox 534 899 631 958; x_wconf 89' lang='lat' dir='ltr'><strong>duum</strong></span> <span class='ocrx_word' id='word_1_15' title='bbox 662 898 694 958; x_wconf 93' lang='lat' dir='ltr'><strong>in</strong></span> <span class='ocrx_word' id='word_1_16' title='bbox 730 909 843 959; x_wconf 93' lang='lat' dir='ltr'><strong>sancto</strong></span> <span class='ocrx_word' id='word_1_17' title='bbox 872 901 994 977; x_wconf 90' lang='lat' dir='ltr'><strong>templo</strong></span> <span class='ocrx_word' id='word_1_18' title='bbox 1026 901 1059 960; x_wconf 94' lang='lat' dir='ltr'><strong>in</strong></span> 
     </span>
    </p>
   </div>
   <div class='ocr_carea' id='block_1_2' title="bbox 534 998 1072 1152">
    <p class='ocr_par' dir='ltr' id='par_1_2' title="bbox 534 998 1072 1152">
     <span class='ocr_line' id='line_1_5' title="bbox 534 998 1072 1072; baseline 0.009 -18"><span class='ocrx_word' id='word_1_19' title='bbox 534 1005 728 1072; x_wconf 87' lang='lat' dir='ltr'><strong>ventumque</strong></span> <span class='ocrx_word' id='word_1_20' title='bbox 750 998 940 1058; x_wconf 83' lang='lat' dir='ltr'><strong>thesaurum</strong></span> <span class='ocrx_word' id='word_1_21' title='bbox 963 999 1072 1059; x_wconf 84' lang='lat' dir='ltr'><strong>laetio</strong></span> 
     </span>
     <span class='ocr_line' id='line_1_6' title="bbox 537 1091 640 1152; baseline 0.01 -1"><span class='ocrx_word' id='word_1_22' title='bbox 537 1091 640 1152; x_wconf 89' lang='lat' dir='ltr'><strong>lerret.</strong></span> 
     </span>
    </p>
   </div>
   <div class='ocr_carea' id='block_1_3' title="bbox 575 1188 1065 1269">
    <p class='ocr_par' dir='ltr' id='par_1_3' title="bbox 575 1188 1065 1269">
     <span class='ocr_line' id='line_1_7' title="bbox 575 1188 1065 1269; baseline 0.008 -20"><span class='ocrx_word' id='word_1_23' title='bbox 575 1188 635 1250; x_wconf 87' lang='lat' dir='ltr'><strong>Sed</strong></span> <span class='ocrx_word' id='word_1_24' title='bbox 662 1208 681 1251; x_wconf 93' lang='lat'>0</span> <span class='ocrx_word' id='word_1_25' title='bbox 708 1192 785 1252; x_wconf 91' lang='lat' dir='ltr'><strong>boni</strong></span> <span class='ocrx_word' id='word_1_26' title='bbox 818 1202 970 1268; x_wconf 88' lang='lat' dir='ltr'><strong>parentes</strong></span> <span class='ocrx_word' id='word_1_27' title='bbox 1001 1210 1065 1269; x_wconf 92' lang='lat' dir='ltr'><strong>quo</strong></span> 
     </span>
    </p>
   </div>
   <div class='ocr_carea' id='block_1_4' title="bbox 436 1287 1064 1365">
    <p class='ocr_par' dir='ltr' id='par_1_4' title="bbox 436 1287 1064 1365">
     <span class='ocr_line' id='line_1_8' title="bbox 436 1287 1064 1365; baseline 0.01 -20"><span class='ocrx_word' id='word_1_28' title='bbox 436 1325 437 1335; x_wconf 31' lang='lat' dir='ltr'><strong>r</strong></span> <span class='ocrx_word' id='word_1_29' title='bbox 533 1287 634 1362; x_wconf 92' lang='lat' dir='ltr'><strong>potuit</strong></span> <span class='ocrx_word' id='word_1_30' title='bbox 655 1289 800 1365; x_wconf 85' lang='lat' dir='ltr'><strong>evenire3</strong></span> <span class='ocrx_word' id='word_1_31' title='bbox 823 1300 858 1350; x_wconf 90' lang='lat' dir='ltr'><strong>ut</strong></span> <span class='ocrx_word' id='word_1_32' title='bbox 878 1299 944 1351; x_wconf 90' lang='lat' dir='ltr'><strong>tam</strong></span> <span class='ocrx_word' id='word_1_33' title='bbox 967 1289 1064 1351; x_wconf 91' lang='lat' dir='ltr'><strong>dilect</strong></span> 
     </span>
    </p>
   </div>
   <div class='ocr_carea' id='block_1_5' title="bbox 533 1385 1061 1460">
    <p class='ocr_par' dir='ltr' id='par_1_5' title="bbox 533 1385 1061 1460">
     <span class='ocr_line' id='line_1_9' title="bbox 533 1385 1061 1460; baseline 0.004 -17"><span class='ocrx_word' id='word_1_34' title='bbox 533 1385 759 1460; x_wconf 89' lang='lat' dir='ltr'><strong>permitteretis</strong></span> <span class='ocrx_word' id='word_1_35' title='bbox 788 1402 807 1444; x_wconf 93' lang='lat' dir='ltr'><strong>a</strong></span> <span class='ocrx_word' id='word_1_36' title='bbox 828 1386 929 1445; x_wconf 91' lang='lat' dir='ltr'><strong>latere</strong></span> <span class='ocrx_word' id='word_1_37' title='bbox 950 1395 1061 1445; x_wconf 91' lang='lat' dir='ltr'><strong>vestro</strong></span> 
     </span>
    </p>
   </div>
   <div class='ocr_carea' id='block_1_6' title="bbox 435 1483 1068 1559">
    <p class='ocr_par' dir='ltr' id='par_1_6' title="bbox 435 1483 1068 1559">
     <span class='ocr_line' id='line_1_10' title="bbox 435 1483 1068 1559; baseline 0 -17"><span class='ocrx_word' id='word_1_38' title='bbox 435 1496 436 1517; x_wconf 65' lang='lat'>¹</span> <span class='ocrx_word' id='word_1_39' title='bbox 531 1483 593 1543; x_wconf 92' lang='lat' dir='ltr'><strong>Vbi</strong></span> <span class='ocrx_word' id='word_1_40' title='bbox 615 1493 704 1543; x_wconf 89' lang='lat' dir='ltr'><strong>erant</strong></span> <span class='ocrx_word' id='word_1_41' title='bbox 718 1483 803 1544; x_wconf 93' lang='lat' dir='ltr'><strong>oculi</strong></span> <span class='ocrx_word' id='word_1_42' title='bbox 820 1483 938 1558; x_wconf 91' lang='lat' dir='ltr'><strong>vestri;</strong></span> <span class='ocrx_word' id='word_1_43' title='bbox 960 1484 1068 1559; x_wconf 94' lang='lat' dir='ltr'><strong>quand</strong></span> 
     </span>
    </p>
   </div>
   <div class='ocr_carea' id='block_1_7' title="bbox 529 1579 1072 1658">
    <p class='ocr_par' dir='ltr' id='par_1_7' title="bbox 529 1579 1072 1658">
     <span class='ocr_line' id='line_1_11' title="bbox 529 1579 1072 1658; baseline -0.002 -17"><span class='ocrx_word' id='word_1_44' title='bbox 529 1581 562 1640; x_wconf 92' lang='lat' dir='ltr'><strong>in</strong></span> <span class='ocrx_word' id='word_1_45' title='bbox 595 1582 700 1641; x_wconf 89' lang='lat' dir='ltr'><strong>lesum</strong></span> <span class='ocrx_word' id='word_1_46' title='bbox 732 1580 857 1640; x_wconf 82' lang='lat' dir='ltr'><strong>delixi?</strong></span> <span class='ocrx_word' id='word_1_47' title='bbox 909 1579 1072 1658; x_wconf 89' lang='lat' dir='ltr'><strong>Quomod</strong></span> 
     </span>
    </p>
   </div>
   <div class='ocr_carea' id='block_1_8' title="bbox 430 1678 1072 1755">
    <p class='ocr_par' dir='ltr' id='par_1_8' title="bbox 430 1678 1072 1755">
     <span class='ocr_line' id='line_1_12' title="bbox 430 1678 1072 1755; baseline -0.003 -15"><span class='ocrx_word' id='word_1_48' title='bbox 430 1735 434 1754; x_wconf 79' lang='grc'><strong>,</strong></span> <span class='ocrx_word' id='word_1_49' title='bbox 528 1697 589 1740; x_wconf 91' lang='lat' dir='ltr'><strong>vos</strong></span> <span class='ocrx_word' id='word_1_50' title='bbox 609 1679 649 1739; x_wconf 91' lang='lat' dir='ltr'><strong>de</strong></span> <span class='ocrx_word' id='word_1_51' title='bbox 668 1678 874 1755; x_wconf 85' lang='lat' dir='ltr'><strong>neglegentia</strong></span> <span class='ocrx_word' id='word_1_52' title='bbox 887 1679 1003 1739; x_wconf 83' lang='lat' dir='ltr'><strong>tanta?</strong></span> <span class='ocrx_word' id='word_1_53' title='bbox 1032 1679 1072 1738; x_wconf 72' lang='lat' dir='ltr'><strong>N&lt;</strong></span> 
     </span>
    </p>
   </div>
   <div class='ocr_carea' id='block_1_9' title="bbox 517 1776 1072 2534">
    <p class='ocr_par' dir='ltr' id='par_1_9' title="bbox 517 1776 1072 2534">
     <span class='ocr_line' id='line_1_13' title="bbox 526 1776 1058 1854; baseline -0.002 -18"><span class='ocrx_word' id='word_1_54' title='bbox 526 1776 835 1854; x_wconf 82' lang='lat' dir='ltr'><strong>perdidistis3quem</strong></span> <span class='ocrx_word' id='word_1_55' title='bbox 847 1776 956 1836; x_wconf 88' lang='lat' dir='ltr'><strong>minus</strong></span> <span class='ocrx_word' id='word_1_56' title='bbox 965 1786 1058 1836; x_wconf 90' lang='lat' dir='ltr'><strong>caute</strong></span> 
     </span>
     <span class='ocr_line' id='line_1_14' title="bbox 526 1873 1067 1949; baseline -0.004 -15"><span class='ocrx_word' id='word_1_57' title='bbox 526 1875 592 1934; x_wconf 90' lang='lat' dir='ltr'><strong>Sed</strong></span> <span class='ocrx_word' id='word_1_58' title='bbox 615 1891 745 1934; x_wconf 89' lang='lat' dir='ltr'><strong>rursum</strong></span> <span class='ocrx_word' id='word_1_59' title='bbox 768 1873 907 1949; x_wconf 84' lang='lat' dir='ltr'><strong>qualiter</strong></span> <span class='ocrx_word' id='word_1_60' title='bbox 930 1873 1067 1933; x_wconf 81' lang='lat' dir='ltr'><strong>audeam</strong></span> 
     </span>
     <span class='ocr_line' id='line_1_15' title="bbox 524 1971 1062 2048; baseline -0.002 -17"><span class='ocrx_word' id='word_1_61' title='bbox 524 1989 590 2048; x_wconf 91' lang='lat' dir='ltr'><strong>quo</strong></span> <span class='ocrx_word' id='word_1_62' title='bbox 606 1972 866 2048; x_wconf 86' lang='lat' dir='ltr'><strong>reprehendere:</strong></span> <span class='ocrx_word' id='word_1_63' title='bbox 888 1987 971 2047; x_wconf 89' lang='lat' dir='ltr'><strong>quos</strong></span> <span class='ocrx_word' id='word_1_64' title='bbox 986 1971 1062 2030; x_wconf 93' lang='lat' dir='ltr'><strong>novi</strong></span> 
     </span>
     <span class='ocr_line' id='line_1_16' title="bbox 522 2067 1072 2130; baseline 0 -2"><span class='ocrx_word' id='word_1_65' title='bbox 522 2078 658 2130; x_wconf 89' lang='lat' dir='ltr'><strong>sanctos</strong></span> <span class='ocrx_word' id='word_1_66' title='bbox 687 2078 719 2129; x_wconf 93' lang='lat' dir='ltr'><strong>et</strong></span> <span class='ocrx_word' id='word_1_67' title='bbox 749 2067 980 2129; x_wconf 88' lang='lat' dir='ltr'><strong>devotissimos</strong></span> <span class='ocrx_word' id='word_1_68' title='bbox 1006 2086 1072 2128; x_wconf 92' lang='lat' dir='ltr'><strong>ess</strong></span> 
     </span>
     <span class='ocr_line' id='line_1_17' title="bbox 521 2165 1072 2226; baseline -0.002 0"><span class='ocrx_word' id='word_1_69' title='bbox 521 2166 623 2226; x_wconf 90' lang='lat' dir='ltr'><strong>modo</strong></span> <span class='ocrx_word' id='word_1_70' title='bbox 639 2165 777 2226; x_wconf 90' lang='lat' dir='ltr'><strong>audebat</strong></span> <span class='ocrx_word' id='word_1_71' title='bbox 792 2165 889 2225; x_wconf 87' lang='lat' dir='ltr'><strong>etiarn</strong></span> <span class='ocrx_word' id='word_1_72' title='bbox 905 2166 1011 2225; x_wconf 90' lang='lat' dir='ltr'><strong>bonus</strong></span> <span class='ocrx_word' id='word_1_73' title='bbox 1027 2166 1072 2225; x_wconf 94' lang='lat' dir='ltr'><strong>hi</strong></span> 
     </span>
     <span class='ocr_line' id='line_1_18' title="bbox 518 2263 1064 2340; baseline 0.002 -17"><span class='ocrx_word' id='word_1_74' title='bbox 518 2263 608 2324; x_wconf 92' lang='lat' dir='ltr'><strong>scitu</strong></span> <span class='ocrx_word' id='word_1_75' title='bbox 628 2272 739 2323; x_wconf 92' lang='lat' dir='ltr'><strong>vestro</strong></span> <span class='ocrx_word' id='word_1_76' title='bbox 762 2273 795 2324; x_wconf 92' lang='lat' dir='ltr'><strong>et</strong></span> <span class='ocrx_word' id='word_1_77' title='bbox 809 2264 932 2340; x_wconf 86' lang='lat' dir='ltr'><strong>absque</strong></span> <span class='ocrx_word' id='word_1_78' title='bbox 955 2264 1064 2324; x_wconf 82' lang='lat' dir='ltr'><strong>licenti</strong></span> 
     </span>
     <span class='ocr_line' id='line_1_19' title="bbox 518 2359 1072 2422; baseline 0.005 -3"><span class='ocrx_word' id='word_1_79' title='bbox 518 2360 599 2420; x_wconf 77' lang='lat' dir='ltr'><strong>ire?</strong></span> <span class='ocrx_word' id='word_1_80' title='bbox 642 2359 762 2421; x_wconf 89' lang='lat' dir='ltr'><strong>Nonne</strong></span> <span class='ocrx_word' id='word_1_81' title='bbox 791 2360 921 2422; x_wconf 91' lang='lat' dir='ltr'><strong>videtur</strong></span> <span class='ocrx_word' id='word_1_82' title='bbox 949 2362 1072 2422; x_wconf 90' lang='lat' dir='ltr'><strong>occasi</strong></span> 
     </span>
     <span class='ocr_line' id='line_1_20' title="bbox 517 2456 1065 2534; baseline 0 -16"><span class='ocrx_word' id='word_1_83' title='bbox 517 2457 657 2518; x_wconf 89' lang='lat' dir='ltr'><strong>dedisse</strong></span> <span class='ocrx_word' id='word_1_84' title='bbox 678 2456 821 2534; x_wconf 90' lang='lat' dir='ltr'><strong>ingentis</strong></span> <span class='ocrx_word' id='word_1_85' title='bbox 836 2456 1002 2534; x_wconf 92' lang='lat' dir='ltr'><strong>tristitiae;</strong></span> <span class='ocrx_word' id='word_1_86' title='bbox 1025 2475 1065 2518; x_wconf 89' lang='lat' dir='ltr'><strong>cu</strong></span> 
     </span>
    </p>
   </div>
   <div class='ocr_carea' id='block_1_10' title="bbox 424 2547 1065 2616">
    <p class='ocr_par' dir='ltr' id='par_1_10' title="bbox 424 2547 1065 2616">
     <span class='ocr_line' id='line_1_21' title="bbox 424 2547 1065 2616; baseline 0 0"><span class='ocrx_word' id='word_1_87' title='bbox 424 2547 425 2552; x_wconf 62' lang='grc'>’</span> <span class='ocrx_word' id='word_1_88' title='bbox 517 2555 602 2616; x_wconf 88' lang='lat' dir='ltr'><strong>tavit</strong></span> <span class='ocrx_word' id='word_1_89' title='bbox 612 2555 736 2616; x_wconf 87' lang='lat' dir='ltr'><strong>tamdiu</strong></span> <span class='ocrx_word' id='word_1_90' title='bbox 747 2555 787 2614; x_wconf 90' lang='lat' dir='ltr'><strong>ab</strong></span> <span class='ocrx_word' id='word_1_91' title='bbox 797 2555 902 2615; x_wconf 90' lang='lat' dir='ltr'><strong>oculis</strong></span> <span class='ocrx_word' id='word_1_92' title='bbox 913 2566 1065 2616; x_wconf 88' lang='lat' dir='ltr'><strong>reverent</strong></span> 
     </span>
    </p>
   </div>
   <div class='ocr_carea' id='block_1_11' title="bbox 426 2651 1068 3219">
    <p class='ocr_par' dir='ltr' id='par_1_11' title="bbox 426 2651 1068 3219">
     <span class='ocr_line' id='line_1_22' title="bbox 516 2651 1066 2734; baseline 0 -22"><span class='ocrx_word' id='word_1_93' title='bbox 516 2651 572 2712; x_wconf 82' lang='lat' dir='ltr'><strong>An</strong></span> <span class='ocrx_word' id='word_1_94' title='bbox 602 2652 632 2712; x_wconf 90' lang='lat' dir='ltr'><strong>ei</strong></span> <span class='ocrx_word' id='word_1_95' title='bbox 662 2651 755 2713; x_wconf 90' lang='lat' dir='ltr'><strong>licuit</strong></span> <span class='ocrx_word' id='word_1_96' title='bbox 783 2651 891 2734; x_wconf 88' lang='lat' dir='ltr'><strong>iacere</strong></span> <span class='ocrx_word' id='word_1_97' title='bbox 920 2670 1017 2712; x_wconf 90' lang='lat' dir='ltr'><strong>omne</strong></span> <span class='ocrx_word' id='word_1_98' title='bbox 1047 2671 1066 2730; x_wconf 99' lang='lat' dir='ltr'><strong>q</strong></span> 
     </span>
     <span class='ocr_line' id='line_1_23' title="bbox 516 2749 1036 2828; baseline 0 -18"><span class='ocrx_word' id='word_1_99' title='bbox 516 2750 598 2828; x_wconf 91' lang='lat' dir='ltr'><strong>quia</strong></span> <span class='ocrx_word' id='word_1_100' title='bbox 620 2749 732 2810; x_wconf 87' lang='lat' dir='ltr'><strong>omnia</strong></span> <span class='ocrx_word' id='word_1_101' title='bbox 753 2766 828 2809; x_wconf 87' lang='lat' dir='ltr'><strong>curn</strong></span> <span class='ocrx_word' id='word_1_102' title='bbox 851 2750 922 2811; x_wconf 90' lang='lat' dir='ltr'><strong>Deo</strong></span> <span class='ocrx_word' id='word_1_103' title='bbox 945 2750 1036 2827; x_wconf 75' lang='lat' dir='ltr'><strong>egit?</strong></span> 
     </span>
     <span class='ocr_line' id='line_1_24' title="bbox 516 2847 1052 2926; baseline 0 -18"><span class='ocrx_word' id='word_1_104' title='bbox 516 2849 598 2926; x_wconf 88' lang='lat' dir='ltr'><strong>quia</strong></span> <span class='ocrx_word' id='word_1_105' title='bbox 620 2847 670 2907; x_wconf 91' lang='lat' dir='ltr'><strong>sic</strong></span> <span class='ocrx_word' id='word_1_106' title='bbox 692 2847 810 2908; x_wconf 88' lang='lat' dir='ltr'><strong>voluit:</strong></span> <span class='ocrx_word' id='word_1_107' title='bbox 833 2848 986 2925; x_wconf 90' lang='lat' dir='ltr'><strong>quoniam</strong></span> <span class='ocrx_word' id='word_1_108' title='bbox 1003 2849 1052 2908; x_wconf 90' lang='lat' dir='ltr'><strong>De</strong></span> 
     </span>
     <span class='ocr_line' id='line_1_25' title="bbox 516 2947 1036 3022; baseline 0 -16"><span class='ocrx_word' id='word_1_109' title='bbox 516 2963 661 3022; x_wconf 86' lang='lat' dir='ltr'><strong>arguere</strong></span> <span class='ocrx_word' id='word_1_110' title='bbox 683 2962 780 3006; x_wconf 92' lang='lat' dir='ltr'><strong>nerno</strong></span> <span class='ocrx_word' id='word_1_111' title='bbox 803 2955 919 3022; x_wconf 90' lang='lat' dir='ltr'><strong>potest.</strong></span> <span class='ocrx_word' id='word_1_112' title='bbox 962 2947 1036 3007; x_wconf 93' lang='lat' dir='ltr'><strong>Non</strong></span> 
     </span>
     <span class='ocr_line' id='line_1_26' title="bbox 516 3042 1068 3120; baseline 0 -17"><span class='ocrx_word' id='word_1_113' title='bbox 516 3052 655 3103; x_wconf 88' lang='lat' dir='ltr'><strong>aeterna</strong></span> <span class='ocrx_word' id='word_1_114' title='bbox 667 3042 773 3101; x_wconf 89' lang='lat' dir='ltr'><strong>Patris</strong></span> <span class='ocrx_word' id='word_1_115' title='bbox 784 3042 944 3119; x_wconf 89' lang='lat' dir='ltr'><strong>sapientia</strong></span> <span class='ocrx_word' id='word_1_116' title='bbox 953 3043 1068 3120; x_wconf 88' lang='lat' dir='ltr'><strong>aliqui·</strong></span> 
     </span>
     <span class='ocr_line' id='line_1_27' title="bbox 426 3129 1061 3219; baseline 0.003 -18"><span class='ocrx_word' id='word_1_117' title='bbox 426 3129 428 3175; x_wconf 62' lang='lat'>³</span> <span class='ocrx_word' id='word_1_118' title='bbox 517 3157 635 3218; x_wconf 90' lang='lat' dir='ltr'><strong>agere:</strong></span> <span class='ocrx_word' id='word_1_119' title='bbox 651 3141 706 3217; x_wconf 90' lang='lat' dir='ltr'><strong>qui</strong></span> <span class='ocrx_word' id='word_1_120' title='bbox 723 3142 835 3201; x_wconf 87' lang='lat' dir='ltr'><strong>orbern</strong></span> <span class='ocrx_word' id='word_1_121' title='bbox 850 3152 957 3203; x_wconf 90' lang='lat' dir='ltr'><strong>terrae</strong></span> <span class='ocrx_word' id='word_1_122' title='bbox 968 3143 1061 3219; x_wconf 86' lang='lat' dir='ltr'><strong>dispo</strong></span> 
     </span>
    </p>
   </div>
   <div class='ocr_carea' id='block_1_12' title="bbox 428 3239 1066 3315">
    <p class='ocr_par' dir='ltr' id='par_1_12' title="bbox 428 3239 1066 3315">
     <span class='ocr_line' id='line_1_28' title="bbox 428 3239 1066 3315; baseline -0.005 -13"><span class='ocrx_word' id='word_1_123' title='bbox 428 3281 429 3311; x_wconf 25' lang='lat' dir='ltr'><strong>p</strong></span> <span class='ocrx_word' id='word_1_124' title='bbox 517 3249 595 3302; x_wconf 86' lang='lat' dir='ltr'><strong>tate.</strong></span> <span class='ocrx_word' id='word_1_125' title='bbox 633 3239 727 3299; x_wconf 92' lang='lat' dir='ltr'><strong>Bene</strong></span> <span class='ocrx_word' id='word_1_126' title='bbox 749 3255 825 3315; x_wconf 94' lang='lat' dir='ltr'><strong>ergo</strong></span> <span class='ocrx_word' id='word_1_127' title='bbox 849 3240 958 3300; x_wconf 89' lang='lat' dir='ltr'><strong>omnia</strong></span> <span class='ocrx_word' id='word_1_128' title='bbox 980 3240 1066 3315; x_wconf 89' lang='lat' dir='ltr'><strong>lecit,</strong></span> 
     </span>
    </p>
   </div>
   <div class='ocr_carea' id='block_1_13' title="bbox 517 3336 1072 3513">
    <p class='ocr_par' dir='ltr' id='par_1_13' title="bbox 517 3336 1072 3513">
     <span class='ocr_line' id='line_1_29' title="bbox 517 3336 1072 3413; baseline 0.002 -16"><span class='ocrx_word' id='word_1_129' title='bbox 517 3336 742 3413; x_wconf 88' lang='lat' dir='ltr'><strong>praesentiam</strong></span> <span class='ocrx_word' id='word_1_130' title='bbox 758 3354 850 3397; x_wconf 90' lang='lat' dir='ltr'><strong>suam</strong></span> <span class='ocrx_word' id='word_1_131' title='bbox 872 3337 986 3398; x_wconf 90' lang='lat' dir='ltr'><strong>amicis</strong></span> <span class='ocrx_word' id='word_1_132' title='bbox 1006 3355 1072 3398; x_wconf 93' lang='lat' dir='ltr'><strong>rev</strong></span> 
     </span>
     <span class='ocr_line' id='line_1_30' title="bbox 518 3435 1067 3513; baseline 0.002 -18"><span class='ocrx_word' id='word_1_133' title='bbox 518 3435 618 3495; x_wconf 88' lang='lat' dir='ltr'><strong>etiam</strong></span> <span class='ocrx_word' id='word_1_134' title='bbox 642 3435 839 3513; x_wconf 91' lang='lat' dir='ltr'><strong>quandoque</strong></span> <span class='ocrx_word' id='word_1_135' title='bbox 861 3453 900 3496; x_wconf 88' lang='lat' dir='ltr'><strong>ex</strong></span> <span class='ocrx_word' id='word_1_136' title='bbox 916 3437 1015 3497; x_wconf 92' lang='lat' dir='ltr'><strong>certis</strong></span> <span class='ocrx_word' id='word_1_137' title='bbox 1030 3454 1067 3496; x_wconf 90' lang='lat' dir='ltr'><strong>ca</strong></span> 
     </span>
    </p>
   </div>
   <div class='ocr_carea' id='block_1_14' title="bbox 429 3527 1065 3596">
    <p class='ocr_par' dir='ltr' id='par_1_14' title="bbox 429 3527 1065 3596">
     <span class='ocr_line' id='line_1_31' title="bbox 429 3527 1065 3596; baseline 0.006 -5"><span class='ocrx_word' id='word_1_138' title='bbox 429 3527 430 3559; x_wconf 63' lang='lat'>³</span> <span class='ocrx_word' id='word_1_139' title='bbox 518 3550 614 3593; x_wconf 90' lang='lat' dir='ltr'><strong>suam</strong></span> <span class='ocrx_word' id='word_1_140' title='bbox 637 3532 766 3593; x_wconf 91' lang='lat' dir='ltr'><strong>dilectis</strong></span> <span class='ocrx_word' id='word_1_141' title='bbox 789 3534 991 3596; x_wconf 90' lang='lat' dir='ltr'><strong>occultando.</strong></span> <span class='ocrx_word' id='word_1_142' title='bbox 1063 3549 1065 3553; x_wconf 78' lang='grc'>’</span> 
     </span>
    </p>
   </div>
   <div class='ocr_carea' id='block_1_15' title="bbox 0 0 1076 4194">
    <p class='ocr_par' dir='ltr' id='par_1_15' title="bbox 0 0 1076 4194">
     <span class='ocr_line' id='line_1_32' title="bbox 0 0 1076 4194; baseline 0 2"><span class='ocrx_word' id='word_1_143' title='bbox 0 0 1076 4194; x_wconf 95' lang='lat' dir='ltr'><strong> </strong></span> 
     </span>
    </p>
   </div>
  </div>
 </body>
</html>
