2118 4186
219 392 300 444 m
336 391 510 435 ORATIONES
527 393 566 434 DE
581 390 730 435 PASSlONE
746 390 860 434 DOMINI
895 391 983 444 m
1040 389 1041 476 i

221 526 401 600 obvenerit,
422 526 463 585 de
485 541 582 584 manu
603 536 658 585 tua
679 525 906 586 benivolenter
928 542 985 585 ac·

221 623 337 699 cipiam
361 633 393 684 et
414 640 472 700 pro
495 623 628 683 nomine
644 633 756 684 sancto
776 633 831 684 tuo
853 622 983 699 aliquid

221 721 345 797 perpeti
363 722 532 798 gaudeam,
553 722 608 798 qui
624 731 689 782 tam
705 723 823 783 multas
838 721 983 782 iniurias
1040 715 1041 770 l

221 829 253 879 et
274 819 488 894 poenalitates
517 819 711 904 innocenter
739 837 796 895 pro
821 835 873 879 me
893 819 982 879 tole-

197 935 292 978 srare
320 917 470 995 dignatus
499 933 545 977 es.
589 917 716 993 Nempe
738 919 777 977 ad
808 918 902 994 digne
928 935 983 978 re-

216 1016 424 1091 pendendam
452 1015 510 1075 tibi
539 1015 644 1075 vicem
674 1032 740 1075 non
762 1025 896 1091 possent
922 1017 982 1076 ad·
1040 1027 1041 1104 ζ

219 1113 351 1190 aequari
363 1113 471 1173 omnis
482 1113 625 1173 hominis
637 1113 881 1175 maledictiones
892 1114 979 1174 mihi
1040 1105 1041 1162 i

219 1212 335 1287 illatae,
357 1220 477 1288 quanto
500 1211 602 1288 magis
625 1212 725 1271 breve
746 1212 799 1271 vel
821 1227 977 1286 asperum
1040 1207 1041 1238 ³

219 1309 354 1369 verbum
387 1325 446 1368 seu
478 1310 651 1368 molestum
688 1309 818 1385 aliquod
854 1308 977 1369 factum

186 1429 210 1469 ro
219 1407 291 1467 sine
313 1407 456 1467 mordaci
479 1407 673 1484 cogitatione
692 1407 838 1482 perferre
860 1405 978 1466 debeo.

220 1505 337 1564 Procul
367 1504 464 1581 igitur
492 1521 589 1564 omne
618 1521 767 1564 murmur
792 1503 851 1578 sit,
880 1503 978 1562 sileat

218 1602 406 1679 indignatio,
417 1602 628 1679 conquiescat
639 1601 793 1677 suspicio,
804 1600 977 1676 sedmagis

218 1701 358 1778 benigna
388 1699 543 1777 patientia
574 1699 775 1775 humilisque
807 1697 977 1761 confessio

219 1799 402 1875 loquantur,
417 1797 671 1875 quodampliora
682 1794 978 1872 mereaturiniqui-
1040 1787 1041 1790 ’

184 1907 267 1962 rstas
283 1913 355 1956 mea
370 1895 527 1971 recipere,
542 1911 638 1971 quam
650 1894 768 1970 aliquis
779 1893 858 1953 mihi
871 1893 977 1969 possit
1040 1961 1041 1972 χ

219 1994 372 2073 irrogare.

259 2093 387 2153 Dehinc
418 2107 561 2167 quaeso,
597 2101 632 2150 ut
662 2091 782 2166 largam
814 2089 894 2148 mihi
928 2089 977 2148 in-

219 2191 335 2250 fundas
364 2189 547 2264 caritatem,
578 2197 740 2265 quatenus
767 2188 897 2264 plenam
928 2187 976 2246 in·
1040 2197 1041 2220 l

217 2287 415 2365 dulgentiam
452 2295 484 2346 et
519 2285 780 2361 compassionem
812 2285 976 2359 devotam,
1040 2357 1041 2372 χ

182 2401 348 2461 ooprecem
365 2395 397 2444 et
412 2382 657 2444 excusationem
673 2382 875 2442 debitoribus
891 2381 976 2441 meis

218 2485 349 2544 reddam
373 2500 521 2544 necnon
549 2483 724 2560 gratiarum
747 2480 894 2540 actiones
916 2496 976 2555 pro
1040 2505 1041 2552 3

219 2582 343 2660 magnis
359 2581 459 2641 lucris
470 2581 643 2657 patientiae
654 2580 856 2656 persolvam:
872 2593 974 2654 quon·
1040 2575 1041 2590 ¹

217 2680 281 2739 iam
310 2691 386 2740 tuus
415 2679 542 2739 debitor
572 2696 644 2738 sum
676 2678 711 2737 in
738 2677 833 2736 valde
862 2675 974 2736 multis
1040 2701 1041 2712 r

218 2778 367 2855 lugendis
382 2777 583 2838 excessibus.
614 2776 765 2852 Exceptis
777 2774 864 2835 enim
876 2774 973 2833 bene-

181 2899 208 2940 25
218 2877 317 2952 liclia,
347 2877 433 2936 unde
455 2874 511 2934 tibi
534 2874 661 2934 debitor
689 2891 762 2933 sum
784 2873 817 2932 in
840 2871 973 2948 quibus-

217 2992 358 3052 cumque
380 2973 527 3049 sufficio,
556 2973 656 3033 immo
681 2973 883 3047 ultraquam
907 2968 973 3029 sui-

218 3073 308 3150 licio,
336 3074 442 3133 adhuc
472 3088 587 3131 revera
609 3071 737 3147 pondus
765 3077 972 3145 peccatorum

216 3187 365 3232 meorum
395 3170 642 3246 praeteritorum
675 3178 707 3229 et
735 3166 971 3228 cotidianorum

216 3271 368 3349 gravibus
380 3287 432 3330 me
442 3268 561 3329 debitis
572 3268 734 3342 admonet,
749 3265 843 3325 cuius
853 3274 971 3338 tamen,

180 3380 251 3429 aout
274 3367 418 3442 conlido,
447 3384 521 3442 pars
543 3366 684 3426 maxima
711 3361 885 3424 solutionis
913 3362 972 3422 erit

217 3465 412 3525 sustinentia
427 3475 459 3524 et
474 3463 622 3524 dimissio
638 3462 829 3521 iniuriarum
850 3470 882 3520 et
897 3477 971 3536 sup·

573 3567 614 3608 alo
