<?xml version="1.0" encoding="UTF-8"?>
<!DOCTYPE html PUBLIC "-//W3C//DTD XHTML 1.0 Transitional//EN"
    "http://www.w3.org/TR/xhtml1/DTD/xhtml1-transitional.dtd">
<html xmlns="http://www.w3.org/1999/xhtml" xml:lang="en" lang="en">
 <head>
  <title>
</title>
<meta http-equiv="Content-Type" content="text/html;charset=utf-8" />
  <meta name='ocr-system' content='tesseract 3.04.00' />
  <meta name='ocr-capabilities' content='ocr_page ocr_carea ocr_par ocr_line ocrx_word'/>
</head>
<body>
  <div class='ocr_page' id='page_1' title='image "./thomaehemerkena01pohlgoog_0182.png"; bbox 0 0 2144 4194; ppageno 0'>
   <div class='ocr_carea' id='block_1_1' title="bbox 94 463 504 516">
    <p class='ocr_par' dir='ltr' id='par_1_1' title="bbox 94 463 860 518">
     <span class='ocr_line' id='line_1_1' title="bbox 94 463 504 516; baseline 0 1"><span class='ocrx_word' id='word_1_1' title='bbox 94 463 424 516; x_wconf 53' lang='lat' dir='ltr'>fflffiwffl</span> <span class='ocrx_word' id='word_1_2' title='bbox 460 465 504 516; x_wconf 84' lang='lat'>[18]</span> 
     </span>
    </p>
   </div>
   <div class='ocr_carea' id='block_1_2' title="bbox 95 597 896 3510">
    <p class='ocr_par' dir='ltr' id='par_1_2' title="bbox 95 597 896 3510">
     <span class='ocr_line' id='line_1_2' title="bbox 95 597 859 674; baseline 0 -16"><span class='ocrx_word' id='word_1_3' title='bbox 95 597 251 673; x_wconf 88' lang='lat' dir='ltr'>petenda.</span> <span class='ocrx_word' id='word_1_4' title='bbox 282 597 399 674; x_wconf 83' lang='lat' dir='ltr'>Neque</span> <span class='ocrx_word' id='word_1_5' title='bbox 414 597 501 657; x_wconf 88' lang='lat' dir='ltr'>enim</span> <span class='ocrx_word' id='word_1_6' title='bbox 518 597 546 656; x_wconf 95' lang='lat' dir='ltr'>si</span> <span class='ocrx_word' id='word_1_7' title='bbox 569 597 691 658; x_wconf 90' lang='lat' dir='ltr'>diutius</span> <span class='ocrx_word' id='word_1_8' title='bbox 713 597 859 659; x_wconf 88' lang='lat' dir='ltr'>laborare</span> 
     </span>
     <span class='ocr_line' id='line_1_3' title="bbox 95 694 859 772; baseline 0.004 -18"><span class='ocrx_word' id='word_1_9' title='bbox 95 712 259 772; x_wconf 80' lang='lat' dir='ltr'>nequeas,</span> <span class='ocrx_word' id='word_1_10' title='bbox 274 695 369 756; x_wconf 89' lang='lat' dir='ltr'>decet</span> <span class='ocrx_word' id='word_1_11' title='bbox 379 694 549 756; x_wconf 88' lang='lat' dir='ltr'>intendere</span> <span class='ocrx_word' id='word_1_12' title='bbox 566 695 695 771; x_wconf 83' lang='lat' dir='ltr'>fabulis,</span> <span class='ocrx_word' id='word_1_13' title='bbox 709 706 764 756; x_wconf 90' lang='lat' dir='ltr'>aut</span> <span class='ocrx_word' id='word_1_14' title='bbox 774 713 859 756; x_wconf 88' lang='lat' dir='ltr'>sorn-</span> 
     </span>
     <span class='ocr_line' id='line_1_4' title="bbox 95 792 859 869; baseline 0.003 -17"><span class='ocrx_word' id='word_1_15' title='bbox 95 810 142 852; x_wconf 92' lang='lat' dir='ltr'>no</span> <span class='ocrx_word' id='word_1_16' title='bbox 174 793 345 853; x_wconf 89' lang='lat' dir='ltr'>delectari:</span> <span class='ocrx_word' id='word_1_17' title='bbox 373 802 427 853; x_wconf 89' lang='lat' dir='ltr'>aut</span> <span class='ocrx_word' id='word_1_18' title='bbox 455 802 546 853; x_wconf 85' lang='lat' dir='ltr'>extra</span> <span class='ocrx_word' id='word_1_19' title='bbox 566 792 674 869; x_wconf 88' lang='lat' dir='ltr'>vagari</span> <span class='ocrx_word' id='word_1_20' title='bbox 703 809 762 868; x_wconf 88' lang='lat' dir='ltr'>per</span> <span class='ocrx_word' id='word_1_21' title='bbox 789 793 859 854; x_wconf 84' lang='lat' dir='ltr'>olli·</span> 
     </span>
     <span class='ocr_line' id='line_1_5' title="bbox 95 889 859 968; baseline 0.004 -18"><span class='ocrx_word' id='word_1_22' title='bbox 95 891 203 951; x_wconf 88' lang='lat' dir='ltr'>cinas.</span> <span class='ocrx_word' id='word_1_23' title='bbox 233 890 297 951; x_wconf 90' lang='lat' dir='ltr'>Sed</span> <span class='ocrx_word' id='word_1_24' title='bbox 320 890 425 968; x_wconf 80' lang='lat' dir='ltr'>quid?</span> <span class='ocrx_word' id='word_1_25' title='bbox 454 889 561 966; x_wconf 88' lang='lat' dir='ltr'>Super</span> <span class='ocrx_word' id='word_1_26' title='bbox 582 889 705 950; x_wconf 82' lang='lat' dir='ltr'>iontem</span> <span class='ocrx_word' id='word_1_27' title='bbox 728 893 859 967; x_wconf 89' lang='lat' dir='ltr'>sedeas;</span> 
     </span>
     <span class='ocr_line' id='line_1_6' title="bbox 95 988 882 1065; baseline -0.004 -16"><span class='ocrx_word' id='word_1_28' title='bbox 95 989 260 1049; x_wconf 86' lang='lat' dir='ltr'>solacium</span> <span class='ocrx_word' id='word_1_29' title='bbox 277 988 411 1065; x_wconf 88' lang='lat' dir='ltr'>spiritus</span> <span class='ocrx_word' id='word_1_30' title='bbox 427 1006 579 1065; x_wconf 89' lang='lat' dir='ltr'>quaeras:</span> <span class='ocrx_word' id='word_1_31' title='bbox 595 998 627 1049; x_wconf 97' lang='lat' dir='ltr'>et</span> <span class='ocrx_word' id='word_1_32' title='bbox 638 989 882 1065; x_wconf 86' lang='lat' dir='ltr'>donasapien-s</span> 
     </span>
     <span class='ocr_line' id='line_1_7' title="bbox 95 1085 859 1163; baseline -0.001 -15"><span class='ocrx_word' id='word_1_33' title='bbox 95 1087 165 1148; x_wconf 88' lang='lat' dir='ltr'>tiae</span> <span class='ocrx_word' id='word_1_34' title='bbox 181 1086 333 1147; x_wconf 88' lang='lat' dir='ltr'>salutaris</span> <span class='ocrx_word' id='word_1_35' title='bbox 349 1104 422 1147; x_wconf 94' lang='lat' dir='ltr'>cum</span> <span class='ocrx_word' id='word_1_36' title='bbox 435 1085 636 1147; x_wconf 88' lang='lat' dir='ltr'>Samaritana</span> <span class='ocrx_word' id='word_1_37' title='bbox 649 1087 743 1147; x_wconf 89' lang='lat' dir='ltr'>avide</span> <span class='ocrx_word' id='word_1_38' title='bbox 758 1096 859 1163; x_wconf 89' lang='lat' dir='ltr'>petas.</span> 
     </span>
     <span class='ocr_line' id='line_1_8' title="bbox 96 1184 859 1260; baseline -0.003 -15"><span class='ocrx_word' id='word_1_39' title='bbox 96 1184 289 1260; x_wconf 85' lang='lat' dir='ltr'>Scripturae</span> <span class='ocrx_word' id='word_1_40' title='bbox 305 1195 436 1245; x_wconf 91' lang='lat' dir='ltr'>sanctae</span> <span class='ocrx_word' id='word_1_41' title='bbox 452 1184 584 1245; x_wconf 89' lang='lat' dir='ltr'>fluentis</span> <span class='ocrx_word' id='word_1_42' title='bbox 599 1185 742 1260; x_wconf 88' lang='lat' dir='ltr'>intende,</span> <span class='ocrx_word' id='word_1_43' title='bbox 763 1184 859 1245; x_wconf 92' lang='lat' dir='ltr'>lecta·</span> 
     </span>
     <span class='ocr_line' id='line_1_9' title="bbox 95 1283 860 1360; baseline 0.003 -19"><span class='ocrx_word' id='word_1_44' title='bbox 95 1299 166 1360; x_wconf 89' lang='lat' dir='ltr'>que</span> <span class='ocrx_word' id='word_1_45' title='bbox 189 1283 340 1358; x_wconf 83' lang='lat' dir='ltr'>revolve3</span> <span class='ocrx_word' id='word_1_46' title='bbox 362 1292 396 1343; x_wconf 97' lang='lat' dir='ltr'>ut</span> <span class='ocrx_word' id='word_1_47' title='bbox 411 1283 555 1343; x_wconf 92' lang='lat' dir='ltr'>animum</span> <span class='ocrx_word' id='word_1_48' title='bbox 577 1300 719 1359; x_wconf 87' lang='lat' dir='ltr'>repares,</span> <span class='ocrx_word' id='word_1_49' title='bbox 741 1293 775 1343; x_wconf 92' lang='lat' dir='ltr'>ut</span> <span class='ocrx_word' id='word_1_50' title='bbox 797 1292 860 1343; x_wconf 93' lang='lat' dir='ltr'>tor·</span> 
     </span>
     <span class='ocr_line' id='line_1_10' title="bbox 95 1380 860 1457; baseline 0.003 -18"><span class='ocrx_word' id='word_1_51' title='bbox 95 1396 214 1457; x_wconf 89' lang='lat' dir='ltr'>porem</span> <span class='ocrx_word' id='word_1_52' title='bbox 240 1380 401 1440; x_wconf 86' lang='lat' dir='ltr'>excutias:</span> <span class='ocrx_word' id='word_1_53' title='bbox 424 1391 458 1441; x_wconf 98' lang='lat' dir='ltr'>ut</span> <span class='ocrx_word' id='word_1_54' title='bbox 480 1381 581 1441; x_wconf 90' lang='lat' dir='ltr'>otium</span> <span class='ocrx_word' id='word_1_55' title='bbox 604 1381 698 1457; x_wconf 85' lang='lat' dir='ltr'>vites,</span> <span class='ocrx_word' id='word_1_56' title='bbox 720 1390 752 1441; x_wconf 87' lang='lat' dir='ltr'>et</span> <span class='ocrx_word' id='word_1_57' title='bbox 774 1398 860 1441; x_wconf 91' lang='lat' dir='ltr'>corn-</span> 
     </span>
     <span class='ocr_line' id='line_1_11' title="bbox 95 1477 896 1557; baseline 0.001 -19"><span class='ocrx_word' id='word_1_58' title='bbox 95 1477 312 1555; x_wconf 89' lang='lat' dir='ltr'>punctionem</span> <span class='ocrx_word' id='word_1_59' title='bbox 325 1495 441 1539; x_wconf 91' lang='lat' dir='ltr'>novam</span> <span class='ocrx_word' id='word_1_60' title='bbox 453 1479 613 1556; x_wconf 90' lang='lat' dir='ltr'>acquiras.</span> <span class='ocrx_word' id='word_1_61' title='bbox 640 1478 741 1540; x_wconf 88' lang='lat' dir='ltr'>Sileat</span> <span class='ocrx_word' id='word_1_62' title='bbox 751 1479 860 1557; x_wconf 88' lang='lat' dir='ltr'>lingua</span> <span class='ocrx_word' id='word_1_63' title='bbox 872 1499 896 1539; x_wconf 85' lang='lat' dir='ltr'>ro</span> 
     </span>
     <span class='ocr_line' id='line_1_12' title="bbox 96 1575 859 1652; baseline 0.001 -16"><span class='ocrx_word' id='word_1_64' title='bbox 96 1575 199 1636; x_wconf 87' lang='lat' dir='ltr'>foris:</span> <span class='ocrx_word' id='word_1_65' title='bbox 230 1585 264 1635; x_wconf 94' lang='lat' dir='ltr'>ut</span> <span class='ocrx_word' id='word_1_66' title='bbox 291 1593 386 1636; x_wconf 91' lang='lat' dir='ltr'>mens</span> <span class='ocrx_word' id='word_1_67' title='bbox 414 1585 566 1652; x_wconf 88' lang='lat' dir='ltr'>pascatur</span> <span class='ocrx_word' id='word_1_68' title='bbox 594 1576 741 1637; x_wconf 92' lang='lat' dir='ltr'>interius.</span> <span class='ocrx_word' id='word_1_69' title='bbox 785 1577 859 1638; x_wconf 93' lang='lat' dir='ltr'>Non</span> 
     </span>
     <span class='ocr_line' id='line_1_13' title="bbox 95 1673 859 1751; baseline 0.003 -18"><span class='ocrx_word' id='word_1_70' title='bbox 95 1674 209 1751; x_wconf 89' lang='lat' dir='ltr'>pigeat</span> <span class='ocrx_word' id='word_1_71' title='bbox 230 1673 362 1750; x_wconf 89' lang='lat' dir='ltr'>saepius</span> <span class='ocrx_word' id='word_1_72' title='bbox 378 1691 487 1734; x_wconf 84' lang='lat' dir='ltr'>orare:</span> <span class='ocrx_word' id='word_1_73' title='bbox 510 1685 542 1735; x_wconf 93' lang='lat' dir='ltr'>et</span> <span class='ocrx_word' id='word_1_74' title='bbox 564 1675 604 1734; x_wconf 89' lang='lat' dir='ltr'>de</span> <span class='ocrx_word' id='word_1_75' title='bbox 626 1674 679 1750; x_wconf 99' lang='lat' dir='ltr'>pio</span> <span class='ocrx_word' id='word_1_76' title='bbox 696 1675 770 1735; x_wconf 87' lang='lat' dir='ltr'>lesu</span> <span class='ocrx_word' id='word_1_77' title='bbox 793 1693 859 1736; x_wconf 92' lang='lat' dir='ltr'>me-</span> 
     </span>
     <span class='ocr_line' id='line_1_14' title="bbox 95 1771 859 1833; baseline 0.001 -1"><span class='ocrx_word' id='word_1_78' title='bbox 95 1771 206 1832; x_wconf 88' lang='lat' dir='ltr'>ditari.</span> <span class='ocrx_word' id='word_1_79' title='bbox 250 1772 411 1833; x_wconf 89' lang='lat' dir='ltr'>Discede</span> <span class='ocrx_word' id='word_1_80' title='bbox 441 1772 665 1833; x_wconf 82' lang='lat' dir='ltr'>materialibus</span> <span class='ocrx_word' id='word_1_81' title='bbox 694 1774 792 1833; x_wconf 88' lang='lat' dir='ltr'>rebus</span> <span class='ocrx_word' id='word_1_82' title='bbox 821 1774 859 1833; x_wconf 89' lang='lat' dir='ltr'>ad</span> 
     </span>
     <span class='ocr_line' id='line_1_15' title="bbox 96 1869 860 1932; baseline 0 -2"><span class='ocrx_word' id='word_1_83' title='bbox 96 1870 230 1930; x_wconf 88' lang='lat' dir='ltr'>interna</span> <span class='ocrx_word' id='word_1_84' title='bbox 244 1869 401 1930; x_wconf 88' lang='lat' dir='ltr'>transire:</span> <span class='ocrx_word' id='word_1_85' title='bbox 424 1880 455 1930; x_wconf 92' lang='lat' dir='ltr'>et</span> <span class='ocrx_word' id='word_1_86' title='bbox 475 1870 515 1930; x_wconf 92' lang='lat' dir='ltr'>de</span> <span class='ocrx_word' id='word_1_87' title='bbox 531 1870 688 1930; x_wconf 82' lang='lat' dir='ltr'>creaturis</span> <span class='ocrx_word' id='word_1_88' title='bbox 704 1871 742 1930; x_wconf 89' lang='lat' dir='ltr'>ad</span> <span class='ocrx_word' id='word_1_89' title='bbox 760 1870 860 1932; x_wconf 93' lang='lat' dir='ltr'>Crea-</span> 
     </span>
     <span class='ocr_line' id='line_1_16' title="bbox 97 1967 896 2031; baseline 0.003 -3"><span class='ocrx_word' id='word_1_90' title='bbox 97 1967 182 2028; x_wconf 89' lang='lat' dir='ltr'>toris</span> <span class='ocrx_word' id='word_1_91' title='bbox 204 1969 383 2029; x_wconf 88' lang='lat' dir='ltr'>ascendere</span> <span class='ocrx_word' id='word_1_92' title='bbox 405 1968 545 2028; x_wconf 88' lang='lat' dir='ltr'>laudem.</span> <span class='ocrx_word' id='word_1_93' title='bbox 580 1968 668 2029; x_wconf 90' lang='lat' dir='ltr'>Fecit</span> <span class='ocrx_word' id='word_1_94' title='bbox 690 1968 811 2029; x_wconf 89' lang='lat' dir='ltr'>etenim</span> <span class='ocrx_word' id='word_1_95' title='bbox 828 1979 859 2030; x_wconf 88' lang='lat' dir='ltr'>et</span> <span class='ocrx_word' id='word_1_96' title='bbox 871 1990 896 2031; x_wconf 87' lang='lat'>15</span> 
     </span>
     <span class='ocr_line' id='line_1_17' title="bbox 98 2066 859 2142; baseline -0.003 -15"><span class='ocrx_word' id='word_1_97' title='bbox 98 2067 149 2127; x_wconf 91' lang='lat' dir='ltr'>sic</span> <span class='ocrx_word' id='word_1_98' title='bbox 171 2066 243 2142; x_wconf 90' lang='lat' dir='ltr'>ipse</span> <span class='ocrx_word' id='word_1_99' title='bbox 259 2066 363 2127; x_wconf 87' lang='lat' dir='ltr'>lesus.</span> <span class='ocrx_word' id='word_1_100' title='bbox 397 2067 480 2128; x_wconf 93' lang='lat' dir='ltr'>Nam</span> <span class='ocrx_word' id='word_1_101' title='bbox 503 2084 543 2127; x_wconf 88' lang='lat' dir='ltr'>ex</span> <span class='ocrx_word' id='word_1_102' title='bbox 566 2067 739 2128; x_wconf 89' lang='lat' dir='ltr'>occasione</span> <span class='ocrx_word' id='word_1_103' title='bbox 761 2066 859 2126; x_wconf 92' lang='lat' dir='ltr'>huius</span> 
     </span>
     <span class='ocr_line' id='line_1_18' title="bbox 97 2163 859 2242; baseline -0.001 -17"><span class='ocrx_word' id='word_1_104' title='bbox 97 2163 223 2225; x_wconf 88' lang='lat' dir='ltr'>terreni</span> <span class='ocrx_word' id='word_1_105' title='bbox 247 2163 357 2239; x_wconf 85' lang='lat' dir='ltr'>fontis,</span> <span class='ocrx_word' id='word_1_106' title='bbox 382 2175 414 2225; x_wconf 90' lang='lat' dir='ltr'>et</span> <span class='ocrx_word' id='word_1_107' title='bbox 435 2165 689 2242; x_wconf 81' lang='lat' dir='ltr'>interrogatione</span> <span class='ocrx_word' id='word_1_108' title='bbox 711 2164 859 2224; x_wconf 86' lang='lat' dir='ltr'>mulieris</span> 
     </span>
     <span class='ocr_line' id='line_1_19' title="bbox 97 2261 859 2338; baseline 0.001 -17"><span class='ocrx_word' id='word_1_109' title='bbox 97 2261 322 2322; x_wconf 88' lang='lat' dir='ltr'>adventantis:</span> <span class='ocrx_word' id='word_1_110' title='bbox 338 2263 474 2323; x_wconf 93' lang='lat' dir='ltr'>verbum</span> <span class='ocrx_word' id='word_1_111' title='bbox 490 2263 597 2338; x_wconf 93' lang='lat' dir='ltr'>coepit</span> <span class='ocrx_word' id='word_1_112' title='bbox 612 2263 799 2338; x_wconf 92' lang='lat' dir='ltr'>praedicare</span> <span class='ocrx_word' id='word_1_113' title='bbox 809 2279 859 2322; x_wconf 89' lang='lat' dir='ltr'>sa-</span> 
     </span>
     <span class='ocr_line' id='line_1_20' title="bbox 98 2358 858 2437; baseline 0.007 -20"><span class='ocrx_word' id='word_1_114' title='bbox 98 2358 194 2432; x_wconf 87' lang='lat' dir='ltr'>lutis,</span> <span class='ocrx_word' id='word_1_115' title='bbox 222 2367 254 2418; x_wconf 91' lang='lat' dir='ltr'>et</span> <span class='ocrx_word' id='word_1_116' title='bbox 276 2360 428 2420; x_wconf 88' lang='lat' dir='ltr'>haustum</span> <span class='ocrx_word' id='word_1_117' title='bbox 450 2360 571 2437; x_wconf 85' lang='lat' dir='ltr'>gratiae</span> <span class='ocrx_word' id='word_1_118' title='bbox 593 2360 766 2436; x_wconf 89' lang='lat' dir='ltr'>propinare</span> <span class='ocrx_word' id='word_1_119' title='bbox 788 2378 858 2422; x_wconf 89' lang='lat' dir='ltr'>cae-</span> 
     </span>
     <span class='ocr_line' id='line_1_21' title="bbox 97 2456 895 2536; baseline 0.001 -19"><span class='ocrx_word' id='word_1_120' title='bbox 97 2457 204 2518; x_wconf 75' lang='lat' dir='ltr'>lestis,</span> <span class='ocrx_word' id='word_1_121' title='bbox 246 2456 373 2534; x_wconf 78' lang='lat' dir='ltr'>Aquam</span> <span class='ocrx_word' id='word_1_122' title='bbox 402 2459 501 2520; x_wconf 83' lang='lat' dir='ltr'>fontis</span> <span class='ocrx_word' id='word_1_123' title='bbox 523 2459 578 2520; x_wconf 85' lang='lat' dir='ltr'>illa</span> <span class='ocrx_word' id='word_1_124' title='bbox 600 2459 777 2536; x_wconf 84' lang='lat' dir='ltr'>quaesivit:</span> <span class='ocrx_word' id='word_1_125' title='bbox 800 2461 895 2520; x_wconf 89' lang='lat' dir='ltr'>sed20</span> 
     </span>
     <span class='ocr_line' id='line_1_22' title="bbox 97 2554 858 2634; baseline 0.003 -20"><span class='ocrx_word' id='word_1_126' title='bbox 97 2554 280 2615; x_wconf 91' lang='lat' dir='ltr'>doctrinam</span> <span class='ocrx_word' id='word_1_127' title='bbox 297 2556 382 2617; x_wconf 88' lang='lat' dir='ltr'>vitae</span> <span class='ocrx_word' id='word_1_128' title='bbox 404 2557 444 2616; x_wconf 88' lang='lat' dir='ltr'>de</span> <span class='ocrx_word' id='word_1_129' title='bbox 467 2557 599 2618; x_wconf 90' lang='lat' dir='ltr'>caelesti</span> <span class='ocrx_word' id='word_1_130' title='bbox 621 2558 691 2618; x_wconf 93' lang='lat' dir='ltr'>rivo</span> <span class='ocrx_word' id='word_1_131' title='bbox 712 2557 858 2634; x_wconf 85' lang='lat' dir='ltr'>gaudens</span> 
     </span>
     <span class='ocr_line' id='line_1_23' title="bbox 97 2653 858 2730; baseline 0 -16"><span class='ocrx_word' id='word_1_132' title='bbox 97 2653 287 2730; x_wconf 88' lang='lat' dir='ltr'>reportavit.</span> <span class='ocrx_word' id='word_1_133' title='bbox 318 2654 354 2714; x_wconf 95' lang='lat' dir='ltr'>ln</span> <span class='ocrx_word' id='word_1_134' title='bbox 376 2663 500 2714; x_wconf 94' lang='lat' dir='ltr'>tantum</span> <span class='ocrx_word' id='word_1_135' title='bbox 523 2666 668 2717; x_wconf 87' lang='lat' dir='ltr'>recreata</span> <span class='ocrx_word' id='word_1_136' title='bbox 682 2665 733 2716; x_wconf 90' lang='lat' dir='ltr'>est</span> <span class='ocrx_word' id='word_1_137' title='bbox 748 2665 779 2715; x_wconf 92' lang='lat' dir='ltr'>et</span> <span class='ocrx_word' id='word_1_138' title='bbox 795 2656 858 2715; x_wconf 93' lang='lat' dir='ltr'>lae-</span> 
     </span>
     <span class='ocr_line' id='line_1_24' title="bbox 97 2751 858 2813; baseline 0.001 -2"><span class='ocrx_word' id='word_1_139' title='bbox 97 2760 164 2811; x_wconf 88' lang='lat' dir='ltr'>tata</span> <span class='ocrx_word' id='word_1_140' title='bbox 180 2767 333 2811; x_wconf 89' lang='lat' dir='ltr'>sermone</span> <span class='ocrx_word' id='word_1_141' title='bbox 348 2751 496 2812; x_wconf 88' lang='lat' dir='ltr'>melliflui</span> <span class='ocrx_word' id='word_1_142' title='bbox 513 2752 602 2812; x_wconf 86' lang='lat' dir='ltr'>lesu:</span> <span class='ocrx_word' id='word_1_143' title='bbox 625 2763 659 2813; x_wconf 92' lang='lat' dir='ltr'>ut</span> <span class='ocrx_word' id='word_1_144' title='bbox 674 2752 773 2813; x_wconf 89' lang='lat' dir='ltr'>oblita</span> <span class='ocrx_word' id='word_1_145' title='bbox 787 2770 858 2812; x_wconf 88' lang='lat' dir='ltr'>vas-</span> 
     </span>
     <span class='ocr_line' id='line_1_25' title="bbox 98 2847 859 2922; baseline 0.003 -14"><span class='ocrx_word' id='word_1_146' title='bbox 98 2848 165 2908; x_wconf 85' lang='lat' dir='ltr'>culi</span> <span class='ocrx_word' id='word_1_147' title='bbox 178 2847 240 2922; x_wconf 89' lang='lat' dir='ltr'>sui,</span> <span class='ocrx_word' id='word_1_148' title='bbox 255 2857 401 2907; x_wconf 87' lang='lat' dir='ltr'>curreret</span> <span class='ocrx_word' id='word_1_149' title='bbox 415 2848 541 2909; x_wconf 91' lang='lat' dir='ltr'>civibus</span> <span class='ocrx_word' id='word_1_150' title='bbox 552 2850 702 2910; x_wconf 84' lang='lat' dir='ltr'>nuntiare</span> <span class='ocrx_word' id='word_1_151' title='bbox 713 2850 859 2910; x_wconf 86' lang='lat' dir='ltr'>miranda</span> 
     </span>
     <span class='ocr_line' id='line_1_26' title="bbox 98 2945 894 3024; baseline 0 -18"><span class='ocrx_word' id='word_1_152' title='bbox 98 2962 200 3022; x_wconf 89' lang='lat' dir='ltr'>opera</span> <span class='ocrx_word' id='word_1_153' title='bbox 223 2945 294 3006; x_wconf 89' lang='lat' dir='ltr'>Dei.</span> <span class='ocrx_word' id='word_1_154' title='bbox 339 2945 376 3006; x_wconf 91' lang='lat' dir='ltr'>Et</span> <span class='ocrx_word' id='word_1_155' title='bbox 405 2947 467 3006; x_wconf 94' lang='lat' dir='ltr'>hoc</span> <span class='ocrx_word' id='word_1_156' title='bbox 494 2956 544 3007; x_wconf 92' lang='lat' dir='ltr'>est</span> <span class='ocrx_word' id='word_1_157' title='bbox 570 2948 699 3024; x_wconf 88' lang='lat' dir='ltr'>signum</span> <span class='ocrx_word' id='word_1_158' title='bbox 723 2964 894 3024; x_wconf 80' lang='lat' dir='ltr'>magnaezs</span> 
     </span>
     <span class='ocr_line' id='line_1_27' title="bbox 97 3042 857 3122; baseline 0.003 -19"><span class='ocrx_word' id='word_1_159' title='bbox 97 3044 235 3119; x_wconf 87' lang='lat' dir='ltr'>adeptae</span> <span class='ocrx_word' id='word_1_160' title='bbox 250 3042 387 3119; x_wconf 83' lang='lat' dir='ltr'>gratiae3</span> <span class='ocrx_word' id='word_1_161' title='bbox 402 3061 476 3104; x_wconf 94' lang='lat' dir='ltr'>cum</span> <span class='ocrx_word' id='word_1_162' title='bbox 493 3044 567 3120; x_wconf 91' lang='lat' dir='ltr'>quis</span> <span class='ocrx_word' id='word_1_163' title='bbox 583 3045 720 3122; x_wconf 85' lang='lat' dir='ltr'>legendo</span> <span class='ocrx_word' id='word_1_164' title='bbox 736 3046 857 3105; x_wconf 92' lang='lat' dir='ltr'>orando</span> 
     </span>
     <span class='ocr_line' id='line_1_28' title="bbox 98 3139 858 3219; baseline 0.003 -17"><span class='ocrx_word' id='word_1_165' title='bbox 98 3152 131 3202; x_wconf 89' lang='lat' dir='ltr'>et</span> <span class='ocrx_word' id='word_1_166' title='bbox 154 3139 340 3200; x_wconf 87' lang='lat' dir='ltr'>meditando</span> <span class='ocrx_word' id='word_1_167' title='bbox 363 3141 406 3201; x_wconf 88' lang='lat' dir='ltr'>ita</span> <span class='ocrx_word' id='word_1_168' title='bbox 422 3142 666 3219; x_wconf 88' lang='lat' dir='ltr'>compungitur:</span> <span class='ocrx_word' id='word_1_169' title='bbox 689 3152 723 3203; x_wconf 90' lang='lat' dir='ltr'>ut</span> <span class='ocrx_word' id='word_1_170' title='bbox 745 3143 858 3204; x_wconf 92' lang='lat' dir='ltr'>imme-</span> 
     </span>
     <span class='ocr_line' id='line_1_29' title="bbox 98 3238 858 3316; baseline 0.003 -17"><span class='ocrx_word' id='word_1_171' title='bbox 98 3256 173 3299; x_wconf 92' lang='lat' dir='ltr'>mor</span> <span class='ocrx_word' id='word_1_172' title='bbox 194 3238 356 3298; x_wconf 92' lang='lat' dir='ltr'>commodi</span> <span class='ocrx_word' id='word_1_173' title='bbox 379 3240 572 3316; x_wconf 86' lang='lat' dir='ltr'>praesentis,</span> <span class='ocrx_word' id='word_1_174' title='bbox 593 3251 680 3301; x_wconf 88' lang='lat' dir='ltr'>totus</span> <span class='ocrx_word' id='word_1_175' title='bbox 703 3241 858 3301; x_wconf 84' lang='lat' dir='ltr'>fervescit</span> 
     </span>
     <span class='ocr_line' id='line_1_30' title="bbox 98 3336 856 3414; baseline 0.001 -17"><span class='ocrx_word' id='word_1_176' title='bbox 98 3338 132 3397; x_wconf 98' lang='lat' dir='ltr'>in</span> <span class='ocrx_word' id='word_1_177' title='bbox 144 3353 256 3396; x_wconf 89' lang='lat' dir='ltr'>amore</span> <span class='ocrx_word' id='word_1_178' title='bbox 268 3336 368 3396; x_wconf 84' lang='lat' dir='ltr'>fontis</span> <span class='ocrx_word' id='word_1_179' title='bbox 376 3336 452 3396; x_wconf 92' lang='lat' dir='ltr'>vivi.</span> <span class='ocrx_word' id='word_1_180' title='bbox 473 3338 523 3397; x_wconf 88' lang='lat' dir='ltr'>De</span> <span class='ocrx_word' id='word_1_181' title='bbox 534 3354 599 3414; x_wconf 93' lang='lat' dir='ltr'>quo</span> <span class='ocrx_word' id='word_1_182' title='bbox 610 3349 743 3399; x_wconf 90' lang='lat' dir='ltr'>sanctus</span> <span class='ocrx_word' id='word_1_183' title='bbox 752 3339 856 3399; x_wconf 89' lang='lat' dir='ltr'>David</span> 
     </span>
     <span class='ocr_line' id='line_1_31' title="bbox 98 3433 893 3510; baseline 0.003 -16"><span class='ocrx_word' id='word_1_184' title='bbox 98 3433 266 3494; x_wconf 92' lang='lat' dir='ltr'>sitibundo</span> <span class='ocrx_word' id='word_1_185' title='bbox 281 3443 413 3510; x_wconf 90' lang='lat' dir='ltr'>pectore</span> <span class='ocrx_word' id='word_1_186' title='bbox 429 3434 472 3495; x_wconf 90' lang='lat' dir='ltr'>ita</span> <span class='ocrx_word' id='word_1_187' title='bbox 487 3435 604 3510; x_wconf 85' lang='lat' dir='ltr'>psallit.</span> <span class='ocrx_word' id='word_1_188' title='bbox 627 3434 735 3496; x_wconf 90' lang='lat' dir='ltr'>Sitivit</span> <span class='ocrx_word' id='word_1_189' title='bbox 750 3436 893 3496; x_wconf 80' lang='lat' dir='ltr'>animaso</span> 
     </span>
    </p>
   </div>
   <div class='ocr_carea' id='block_1_3' title="bbox 99 3531 654 3680">
    <p class='ocr_par' dir='ltr' id='par_1_3' title="bbox 99 3531 654 3680">
     <span class='ocr_line' id='line_1_32' title="bbox 99 3531 654 3594; baseline 0.004 -2"><span class='ocrx_word' id='word_1_190' title='bbox 99 3549 173 3592; x_wconf 89' lang='lat' dir='ltr'>mea</span> <span class='ocrx_word' id='word_1_191' title='bbox 194 3531 233 3591; x_wconf 94' lang='lat' dir='ltr'>ad</span> <span class='ocrx_word' id='word_1_192' title='bbox 257 3532 364 3591; x_wconf 90' lang='lat' dir='ltr'>Deum</span> <span class='ocrx_word' id='word_1_193' title='bbox 387 3531 510 3591; x_wconf 85' lang='lat' dir='ltr'>iontem</span> <span class='ocrx_word' id='word_1_194' title='bbox 533 3533 654 3594; x_wconf 90' lang='lat' dir='ltr'>vivum.</span> 
     </span>
     <span class='ocr_line' id='line_1_33' title="bbox 462 3637 500 3680; baseline 0 0"><span class='ocrx_word' id='word_1_195' title='bbox 462 3637 500 3680; x_wconf 80' lang='lat' dir='ltr'>roa</span> 
     </span>
    </p>
   </div>
   <div class='ocr_carea' id='block_1_4' title="bbox 0 0 1081 4194">
    <p class='ocr_par' dir='ltr' id='par_1_4' title="bbox 0 0 1081 4194">
     <span class='ocr_line' id='line_1_34' title="bbox 0 0 1081 4194; baseline 0 0"><span class='ocrx_word' id='word_1_196' title='bbox 0 0 1081 4194; x_wconf 95' lang='lat' dir='ltr'> </span> 
     </span>
    </p>
   </div>
  </div>
 </body>
</html>
