2144 4194
231 441 272 492 &3
290 439 462 492 [SERMONES
474 441 512 482 DE
522 441 589 483 VITA
600 441 636 484 ET
646 440 795 484 PASSIONE
807 441 932 494 DOMINI]
947 441 986 494 (e)

231 575 375 634 adorare.
417 573 464 633 Tu
490 575 606 650 pannis
635 591 710 635 eum
740 574 924 652 involvisti3
955 587 985 636 et

231 671 304 731 ideo
334 672 429 732 lacile
457 689 522 732 non
554 681 660 748 potest
688 672 824 732 intueri:
856 689 918 732 nec
946 675 983 732 ab

230 770 394 830 extraneis
409 770 551 846 agnosci.
577 770 670 830 Nisi
687 771 793 830 enim
809 779 848 830 tu
865 780 984 830 mater

230 878 375 928 sancta
396 869 529 944 ipsum
548 869 720 946 dignaris
743 869 983 945 ostendere;

206 965 323 1041 squis
359 966 589 1026 merebitur
624 967 869 1042 inspicere?
923 967 984 1026 Per

229 1072 260 1122 te
285 1063 371 1123 enim
401 1081 571 1124 accessum
600 1065 759 1124 habemus
787 1065 826 1124 ad
849 1065 982 1125 Filium:

229 1172 260 1222 et
282 1180 341 1238 per
363 1163 479 1222 Filium
502 1163 541 1222 ad
565 1164 703 1223 Patrern.
739 1161 888 1223 Ostende
908 1180 982 1239 ergo
1062 1165 1063 1172 ’

228 1258 319 1319 illum
342 1259 439 1320 inihi:
468 1271 500 1321 et
521 1261 643 1321 sufficit
671 1278 729 1337 pro
759 1261 864 1336 primo
894 1261 983 1320 mihi.

227 1358 302 1417 Non
338 1367 412 1434 peto
447 1376 509 1418 nec
544 1376 665 1436 quaero
696 1358 781 1418 aliud
813 1359 982 1434 solacium,

194 1455 290 1515 ionisi
315 1456 423 1516 Iesutn
446 1457 548 1516 lilium
571 1467 678 1517 tuum:
706 1473 813 1516 meum
837 1456 981 1532 speciale

227 1553 399 1631 refugium,
421 1563 512 1614 tuum
536 1554 701 1630 singulare
721 1553 886 1630 gaudium.
920 1554 981 1613 Do-

227 1651 314 1710 mina
335 1669 408 1711 mea
423 1663 534 1713 sancta
549 1652 663 1728 illaria,
685 1670 801 1728 magno
817 1651 982 1712 desiderio

227 1749 377 1809 desidero
410 1749 518 1809 lesum
549 1749 677 1810 videre:
714 1766 810 1826 quem
843 1749 915 1809 scio
951 1758 981 1808 te

226 1863 302 1922 prae
327 1848 478 1908 omnibus
508 1858 540 1908 et
568 1865 668 1924 super
697 1847 805 1906 omnia
834 1846 980 1923 diligere.

192 1964 216 2005 is
226 1944 295 2005 Cor
304 1962 414 2006 meum
426 1946 534 2007 Iesum
546 1946 724 2006 desiderat:
736 1944 874 2005 affectus
885 1961 980 2004 meus

224 2053 298 2118 post
321 2044 428 2104 lesum
453 2045 577 2105 clamat.
614 2044 647 2104 Si
671 2043 721 2102 vis
743 2043 786 2103 ait
802 2042 912 2102 Iesum
936 2041 980 2101 vi-

225 2142 320 2201 dere:
352 2152 428 2202 tunc
460 2152 585 2218 oportet
615 2153 647 2201 te
679 2157 778 2216 puros
810 2149 842 2200 et
874 2140 980 2199 claros

224 2241 337 2299 oculos
370 2239 499 2299 habere.
551 2239 585 2299 Si
621 2240 672 2299 vis
704 2239 812 2298 iesum
849 2237 980 2298 videre:

223 2336 355 2396 studeas
371 2346 402 2396 te
418 2337 534 2397 devote
550 2347 582 2396 et
596 2336 764 2396 humiliter
779 2336 812 2395 in
826 2336 979 2395 omnibus

187 2434 353 2494 zohabere.
379 2435 412 2495 Si
427 2436 478 2495 vis
490 2437 598 2495 Iesurn
614 2435 742 2495 videre:
758 2434 859 2494 debes
870 2434 981 2493 omnia
1062 2479 1063 2487 ,

223 2542 353 2592 terrena
368 2533 563 2609 relinquere,
579 2541 611 2592 et
626 2542 657 2592 te
673 2532 779 2608 ipsum
797 2531 979 2608 despicere.
1062 2533 1063 2558 ³

224 2629 252 2690 Ο
276 2630 487 2690 dilectissima
508 2630 612 2689 illaria
634 2629 703 2688 scio
726 2646 778 2688 me
797 2629 898 2688 nimis
921 2629 979 2688 irn-

223 2745 359 2802 purum:
395 2736 426 2787 et
461 2728 500 2786 ad
536 2727 713 2786 videndum
751 2726 852 2786 filiurn
886 2736 978 2786 tuum

222 2825 321 2884 nimis
336 2825 514 2901 indignum.
538 2824 602 2884 Sed
618 2834 725 2884 tamen
741 2841 870 2900 nequeo
887 2825 979 2901 quie-

186 2922 978 2997 25scere:nisipriusvideamillum.Nonpossum
1062 2939 1063 2956 t

223 3019 356 3079 ornnino
367 3028 489 3079 tacere:
506 3019 564 3078 sed
580 3035 621 3079 ex
630 3019 733 3078 nimio
744 3018 863 3079 affectu
880 3036 980 3095 cogor

222 3117 406 3177 instantiam
438 3117 555 3177 facere.
599 3117 675 3177 Scio
705 3117 781 3194 quia
808 3116 880 3192 ipse
910 3118 979 3177 vult

222 3216 344 3292 rogari3
366 3225 398 3274 et
412 3223 445 3274 tu
461 3214 601 3275 libenter
618 3215 668 3275 vis
684 3224 829 3274 orantem
846 3213 977 3274 iuvare:

221 3313 294 3373 ideo
310 3330 375 3373 non
391 3313 494 3372 debeo
506 3312 644 3372 faciliter
654 3330 672 3371 a
683 3313 822 3388 petendo
834 3328 977 3372 cessare.

183 3431 211 3472 eo
263 3411 336 3470 lesu
368 3410 412 3470 lili
443 3410 522 3486 Dei,
553 3411 710 3470 miserere
742 3427 864 3488 quaeso
894 3411 978 3486 mei;

221 3510 358 3582 ostende
380 3519 410 3569 te
432 3509 559 3568 animae
582 3510 767 3585 quaerenti:
793 3518 824 3568 et
849 3511 975 3570 vultum

583 3615 620 3655 na

1060 3059 1063 3089 l
