2144 4194
85 456 415 508 &ww
451 456 496 507 [¹⁰]
529 455 851 508 mmm&

89 589 186 650 mitte
209 589 318 650 omnia
346 589 452 648 aliena
480 589 586 649 abire:
616 607 699 666 quae
725 599 757 649 te
779 606 851 665 pos-

89 698 172 748 sunt
200 687 368 764 impedire.
411 687 445 748 Si
476 688 523 748 sic
554 687 673 748 leceris
701 687 852 747 invenies

91 785 250 845 dilectum
272 796 375 861 tuum,
403 785 437 845 in
462 803 526 862 quo
550 786 741 847 felicissime
764 786 853 845 exul·

91 883 195 945 tabis:
218 894 250 945 et
264 884 374 944 omnia
395 901 535 944 onerosa
556 883 683 944 facilius
699 882 852 960 portabis

94 981 226 1044 Caveas
247 982 440 1059 praecipue,
468 999 510 1042 ne
533 982 610 1058 quid
639 981 770 1042 devium
800 981 875 1041 vels

93 1079 853 1156 immmwmmmmmoe

94 1178 212 1252 laedat,
241 1186 295 1237 aut
316 1178 499 1254 perturbet:
523 1186 580 1236 ¹aut
601 1193 684 1236 vane
707 1185 854 1251 occupet,

94 1275 148 1335 vel
171 1274 259 1335 intus
281 1275 443 1334 obscuret.
487 1274 576 1334 lnter
597 1291 649 1333 me
672 1282 704 1333 et
725 1282 756 1332 te
772 1272 852 1332 nihil

94 1372 241 1433 mediare
263 1373 375 1448 debet,
405 1372 491 1449 quod
521 1372 676 1432 unionem
702 1371 853 1447 impedit3

94 1479 152 1531 aut
173 1470 338 1531 caritatem
362 1469 496 1544 minuit,
525 1479 580 1529 aut
604 1469 785 1529 libertatem
809 1468 854 1528 di·
867 1491 890 1530 ιο

96 1569 190 1645 ripit:
219 1577 274 1628 aut
295 1568 467 1644 puritatem
490 1567 646 1641 maculat,
670 1577 725 1627 aut
747 1566 855 1626 cordis

96 1676 262 1727 secretum
292 1665 460 1742 inquietat.
511 1665 549 1724 Et
580 1664 654 1740 quis
684 1664 770 1724 istud
802 1682 855 1740 ap-

97 1763 280 1841 prehendet
300 1763 468 1823 Domine?
511 1761 576 1840 Qui
600 1761 681 1821 nihil
703 1761 765 1821 sibi
788 1762 855 1822 suf-

97 1862 198 1921 licere
220 1860 324 1921 credit
346 1860 409 1920 nisi
432 1877 597 1920 summum
620 1860 741 1919 bonum
769 1860 854 1935 quod

96 1976 158 2035 ego
187 1975 278 2020 sum:
309 1979 327 2020 a
355 1979 419 2038 quo
448 1978 545 2022 omne
573 1962 695 2021 bonum
727 1962 760 2021 in
790 1979 854 2038 quo
867 1982 891 2021 ιε

96 2057 208 2117 omnia
229 2059 314 2119 bona
334 2059 367 2119 in
391 2061 481 2120 caelo
503 2069 536 2119 et
557 2059 696 2120 interra
717 2059 750 2118 in
774 2059 853 2119 mari

95 2167 129 2216 et
159 2155 192 2214 in
221 2157 374 2217 omnibus
402 2157 541 2235 abyssis.
584 2156 649 2235 Qui
677 2174 730 2217 me
752 2173 853 2215 unum

93 2253 203 2313 solum
220 2264 294 2314 ante
310 2255 420 2315 omnia
435 2265 467 2316 et
482 2273 583 2332 super
596 2255 705 2316 omnia
718 2254 854 2331 quaerit,

94 2359 129 2411 et
152 2360 262 2410 mente
283 2367 416 2427 semper
436 2351 536 2429 gerit3
566 2353 621 2428 qui
651 2351 789 2428 despicit
817 2368 853 2410 se

1 2496 8 2521 ,
93 2459 230 2526 propter
258 2467 328 2525 me,
357 2459 389 2510 et
410 2450 513 2527 diligit
533 2468 587 2510 me
616 2469 696 2527 pure
723 2458 890 2526 proptera]

93 2564 166 2607 me:
183 2547 245 2607 iste
256 2558 363 2624 potest
378 2548 601 2625 contemplari,
616 2558 648 2608 et
658 2565 712 2608 me
723 2548 854 2608 laudare

94 2655 129 2705 et
152 2662 227 2704 cum
244 2644 349 2704 Maria
369 2644 542 2721 inSpiritu
564 2655 676 2705 sancto
699 2645 854 2718 exultare,

94 2759 186 2802 nunc
209 2742 296 2802 etin
318 2752 497 2803 aeternum.
540 2741 656 2802 Amen.

113 2939 172 2999 DE
196 2935 465 2999 PERDITIONE
488 2935 539 2996 ET
562 2935 836 2999 INVENTIONE

288 3035 384 3095 IESV
408 3035 451 3095 IN
475 3033 665 3094 TEMPLO.
862 3057 890 3098 25

455 3192 496 3256 [Χ]

92 3274 357 3492 ffifimansit
380 3345 464 3404 puer
485 3329 573 3388 lesus
601 3329 635 3388 in
663 3328 854 3388 Ierusalem:

228 3432 261 3488 et
281 3443 346 3486 non
367 3431 583 3501 cognoverunt
604 3431 755 3501 parentes
776 3425 853 3484 eius.

92 3525 225 3588 Audisti
249 3524 357 3586 anima
379 3523 501 3599 fidelis,
525 3523 611 3600 quod
633 3533 708 3584 ante
731 3538 853 3599 paucos

459 3627 494 3670 121
