2118 4186
72 1252 327 1320 0RAT10NES
345 1253 403 1314 DE
422 1251 637 1314 PissloNE
654 1219 830 1313 hoium.

445 1435 464 1482 1.

75 1573 189 1634 Oratio
210 1573 254 1632 ad
275 1573 399 1632 Patrem
429 1572 563 1647 legenda
593 1571 677 1648 infra
701 1569 829 1630 missam

73 1673 114 1732 de
138 1671 301 1731 oblatione
329 1671 469 1745 corporis
492 1669 623 1739 Christi,
652 1670 692 1730 de
720 1667 831 1727 metito

71 1770 237 1844 passionis
258 1772 327 1831 eius
355 1776 386 1831 et
413 1771 452 1830 de
474 1775 582 1830 nostra
607 1768 853 1844 resignatione.s

77 1945 102 2084 Q
136 1931 246 2091 ᾖ
264 1948 390 2024 Espice‚
405 1936 662 2009 clementissime
674 1947 779 2022 Pater,
790 1947 830 2006 de

76 2079 102 2114 s
233 2072 250 2115 ι
275 2046 459 2107 sanctuario
469 2047 750 2106 tuoetdeexcelso
760 2060 831 2104 cae·

79 2121 103 2272 55
224 2138 249 2244 ⁴)
276 2146 381 2205 lorum
404 2145 586 2204 habitaculo
609 2160 709 2220 super
732 2141 831 2202 sacri-

178 2218 184 2257 ‘
277 2242 386 2303 ficium
397 2242 595 2318 acceptabile
606 2241 673 2302 tibi.
700 2242 830 2301 Intuere

75 2349 316 2398 sacrosanctam
341 2339 480 2399 hostiam
506 2339 663 2416 unigeniti
694 2339 750 2398 filii
774 2339 831 2410 tui,
843 2345 867 2384 10

75 2452 173 2512 quam
196 2435 291 2496 offert
319 2438 422 2498 vultui
445 2448 500 2497 tuo
523 2455 581 2513 pro
608 2437 713 2496 nobis.
757 2437 830 2512 Ipse

75 2544 126 2594 est
142 2534 229 2594 enim
245 2551 394 2595 summus
405 2537 559 2596 sacerdos
570 2545 602 2596 et
612 2552 712 2595 verus
727 2533 830 2610 ponti-

75 2631 148 2706 fex,
170 2632 225 2708 qui
248 2650 313 2692 non
336 2634 474 2694 alienam
497 2633 654 2709 hostiam,
676 2634 733 2694 sed
759 2649 831 2708 pro·

74 2723 178 2804 priam
202 2746 332 2790 carnem
362 2731 449 2791 dedit
478 2732 517 2791 ad
540 2731 774 2791 immolandum
796 2730 829 2790 in

74 2843 130 2886 ara
159 2827 267 2886 crucis
294 2845 353 2903 pro
381 2829 448 2888 vita
471 2829 604 2889 saeculi.
651 2828 866 2904 Propitiare1⁵

74 2940 152 3000 ergo
175 2923 254 2983 mihi
277 2927 438 3000 peccatori
455 2927 552 2987 hodie
574 2928 730 3002 perhanc
746 2927 831 2986 salu·

73 3032 177 3081 tarem
209 3021 385 3083 victimam.
436 3024 512 3084 Esto
544 3023 718 3084 exorabilis
750 3023 829 3084 mihi

74 3119 205 3179 infirmo
221 3119 356 3195 homini,
379 3123 516 3181 multum
539 3122 626 3182 labili
649 3133 681 3182 et
696 3121 830 3182 vitioso:

74 3217 130 3294 qui
160 3235 226 3277 non
256 3234 328 3278 sum
358 3218 476 3296 dignus
507 3219 672 3296 respicere
704 3220 829 3280 caelum

75 3333 184 3392 neque
206 3317 331 3376 calcare
353 3325 483 3392 terram,
507 3319 660 3394 quoniam
682 3327 714 3379 te
731 3319 866 3380 Crea-zo

74 3425 179 3474 torem
203 3431 312 3475 meum
335 3416 457 3476 offendi
473 3418 677 3494 saepissime,
699 3418 831 3492 saepius

75 3514 211 3589 agendo,
233 3513 406 3589 loquendo,
428 3515 598 3591 cogitando
614 3526 726 3575 contra
740 3531 831 3590 prae·

435 3619 476 3659 ess
