2144 4194
74 429 395 484 &lhfflfflffi
431 431 476 481 [¹5]
511 428 832 482 [dwfelfflrfflw

75 579 157 622 seca
176 563 337 623 materias.
374 562 428 622 Nil
451 563 561 638 altum,
582 562 628 622 nil
651 563 835 637 delicatum,

77 660 132 721 nil
163 661 346 736 curiosum,
381 661 427 721 nil
462 661 685 721 transitorium
717 678 835 721 concu-

76 758 201 834 piscas:
224 769 256 818 et
278 758 436 819 maximas
458 757 702 833 inquietudines
724 774 835 833 ampu-

77 856 164 916 tasti.
208 857 378 934 Siquidem
410 858 449 916 ab
479 856 567 916 omni
599 856 835 933 temporalitate

78 964 242 1014 remotus:
279 953 362 1013 liber
391 952 496 1029 pergit
530 951 570 1011 ad
602 952 719 1013 Deum.
769 951 860 1029 Quis

79 1052 169 1111 enim
190 1069 208 1110 a
228 1051 319 1110 nullo
338 1059 484 1110 tenetur:
507 1049 633 1110 caelum
651 1049 745 1110 facile
761 1067 836 1110 con·

78 1148 206 1209 scendit
221 1150 298 1209 dum
314 1157 393 1208 orat.
426 1147 495 1206 Nec
511 1147 622 1207 mundi
639 1147 754 1222 moles,
775 1165 836 1208 nec

79 1246 189 1305 carnis
217 1245 388 1306 mollities:
417 1246 504 1304 hunc
534 1245 698 1305 retardare
720 1255 836 1321 potest.

80 1344 233 1404 Penetrat
264 1352 296 1403 et
327 1360 440 1403 aereas
470 1352 648 1418 potestates
679 1360 835 1404 securus:

80 1457 182 1517 purae
207 1439 428 1501 conscientiae
454 1449 575 1500 custos.
618 1440 760 1500 Multum
783 1440 836 1500 de·
851 1459 874 1498 ro

81 1539 255 1599 sideranda
276 1548 326 1599 est
349 1540 428 1598 haec
451 1538 558 1598 cordis
587 1537 726 1613 puritas:
756 1555 839 1614 quae

84 1637 190 1697 Deum
215 1647 246 1697 et
267 1637 401 1714 angelos
423 1637 485 1697 sibi
509 1636 584 1696 lacit
605 1636 738 1696 amicos.
776 1637 838 1696 Pro

82 1736 145 1794 hac
157 1735 365 1796 beatitudinis
380 1735 481 1811 gratia
496 1735 682 1796 luctandum
699 1735 839 1810 fortiter3

84 1832 240 1892 orandum
264 1833 467 1909 frequenter:
489 1832 690 1908 operandum
707 1849 773 1892 non
789 1849 839 1892 se-

81 1930 197 2005 gniter.
240 1930 412 1991 Beatitudo
440 1931 618 1991 munditiae
646 1931 680 1990 in
709 1930 838 1990 humili·
850 1948 874 1987 15

83 2027 159 2086 tatis
180 2027 263 2087 valle
286 2027 455 2104 fundatum
477 2028 630 2103 precibus
645 2027 839 2103 acquiritur:

81 2125 212 2185 fletibus
242 2124 413 2185 enutritur.
457 2124 486 2185 Ο
513 2141 610 2201 quam
639 2125 779 2201 gratiosa
808 2135 838 2186 et

82 2223 200 2284 decora
222 2232 272 2283 est
294 2224 374 2283 haec
390 2222 505 2298 virtus,
527 2240 610 2299 quae
631 2239 746 2282 omnes
767 2241 839 2298 pas·

82 2320 194 2381 siones
225 2319 443 2380 transcendit:
480 2329 512 2379 et
542 2320 735 2396 impassibili
768 2321 838 2380 Deo

13 2431 14 2452 ¹
84 2430 169 2494 optat
191 2419 288 2480 uniri.
320 2419 455 2479 Puritati
478 2435 619 2495 namque
641 2419 726 2479 cedit
741 2435 875 2478 omneao

83 2517 276 2577 nefandum:
292 2518 405 2577 subest
420 2516 466 2576 illi
478 2533 575 2576 omne
587 2527 741 2577 creatum.
763 2515 839 2593 Agit

85 2615 170 2676 enim
192 2632 268 2675 cum
290 2615 361 2676 Deo
383 2614 509 2690 integre
536 2623 568 2674 et
590 2613 736 2688 sincere;
765 2613 839 2672 ideo

83 2712 168 2773 vinci
190 2730 257 2773 non
279 2713 386 2773 novit:
409 2711 467 2771 sed
485 2712 518 2771 in
534 2711 757 2787 omnipotente
772 2729 839 2770 orn-

85 2810 136 2870 nia
157 2810 293 2871 excedit.
326 2809 535 2869 Famulantur
556 2809 632 2868 huic
655 2809 839 2884 superiora:

85 2917 115 2966 et
135 2908 248 2968 intima
269 2916 486 2983 cooperantur
510 2908 548 2967 ad
570 2908 702 2967 bonum.
746 2906 876 2966 Hancas

88 3003 211 3081 fugiunt
239 3005 432 3081 daemones;
465 3006 549 3064 hanc
580 3006 687 3065 zelant
717 3005 839 3081 angeli:

87 3115 238 3164 verentur
273 3102 436 3177 carnales,
472 3102 712 3177 amplectuntur
746 3101 840 3178 spiri-

88 3202 196 3261 tuales.
228 3199 368 3260 Sanctus
384 3198 489 3259 David
504 3210 577 3274 post
592 3199 749 3259 humilem
766 3216 839 3275 pec-

88 3308 228 3359 catorum
257 3297 517 3357 confessionem:
546 3296 626 3372 petit
647 3297 709 3356 sibi
732 3297 840 3357 cordis

89 3395 239 3465 praestari
269 3394 461 3455 munditiam
483 3393 606 3453 dicens.
650 3393 719 3455 Cor
747 3411 876 3454 mun-so

90 3487 159 3551 dum
190 3510 266 3553 crea
296 3493 329 3552 in
361 3509 413 3552 me
443 3493 544 3552 Deus.
588 3492 695 3552 Deflet
723 3492 840 3552 delicta

443 3596 481 3638 155
