2114 4168
68 445 828 500 &Wffiffillfflfflfflffl

70 579 208 640 limbum
238 589 423 639 sanctorum
453 590 579 656 patrum
609 596 747 640 serenus
773 579 827 638 de·

69 677 239 737 scendisti.
259 677 389 754 Quibus
400 689 477 738 tunc
487 695 609 739 novum
621 676 828 737 exultationis

70 775 226 852 gaudium
242 775 390 850 intulisti,
412 776 487 835 dum
504 777 610 852 ipsum
627 775 760 835 humani
775 793 829 852 ge·

71 873 163 934 neris
181 873 431 949 Redemptorem
443 873 476 933 in
492 875 639 950 proximo
654 874 829 933 adventare

71 987 132 1047 pro
174 970 328 1030 eruendis
368 988 408 1030 ex
448 989 504 1031 ore
545 971 663 1031 inferni
705 972 852 1045 electis‚5

71 1068 338 1144 praenuntiares:
367 1085 464 1143 quem
488 1069 633 1145 prolecto
655 1070 830 1144 nascendo,

71 1165 284 1241 baptizando,
313 1165 543 1241 praedicando,
570 1167 771 1226 ostendendo
794 1184 830 1226 ac

73 1263 247 1323 moriendo
263 1273 297 1323 ut
311 1263 387 1322 boni
404 1263 508 1323 nuntii
520 1264 649 1324 baiulus
665 1265 698 1324 in
710 1266 831 1324 mundo

72 1360 168 1437 prius
190 1361 417 1436 praecursasti.
447 1361 476 1422 Ο
496 1361 732 1423 sublimissime
747 1363 832 1422 viro-

32 1463 40 1484 ·
73 1475 149 1518 rum
172 1468 369 1534 sanctorum,
391 1460 554 1535 quomodo
576 1470 607 1520 te
627 1461 831 1537 magnificem
845 1477 869 1518 10

74 1567 108 1616 et
125 1556 321 1631 praedicem,
336 1556 467 1633 penitus
482 1557 605 1634 ignoro.
638 1559 684 1618 lta
699 1559 832 1618 divitem

75 1653 167 1713 enim
195 1664 227 1713 et
253 1671 405 1730 magnum
428 1653 461 1712 in
484 1654 572 1713 omni
594 1655 695 1731 gratia
717 1655 833 1715 sancti-

75 1750 154 1811 tatis
175 1761 207 1810 te
229 1751 372 1826 invenio,
396 1763 431 1812 ut
453 1751 485 1810 in
509 1752 596 1812 omni
620 1755 720 1813 choro
742 1770 834 1812 sanc-

74 1861 185 1909 torum
215 1849 423 1926 singulariter
453 1849 658 1924 splendidum
682 1869 718 1910 ac
740 1851 834 1910 deco·

76 1956 184 2006 ratum
207 1947 308 2023 gloria
323 1946 532 2022 conspiciam.
565 1948 667 2008 Immo
682 1965 743 2008 nec
759 1965 871 2025 praeis

77 2044 256 2121 splendore
285 2045 476 2104 excellentis
503 2046 625 2121 gloriae
654 2057 728 2106 tuae
757 2046 836 2105 satis

79 2143 145 2203 iam
175 2159 260 2218 queo
289 2153 320 2202 te
349 2144 548 2220 conspicari:
577 2146 634 2204 sed
664 2161 770 2221 neque
797 2144 836 2202 ad

78 2242 215 2318 plenum
232 2251 318 2300 tuam
330 2241 517 2318 dignitatem
535 2243 685 2302 admirari
698 2241 836 2302 sullicio.

79 2339 212 2414 Vbique
235 2340 321 2398 enim
343 2356 463 2398 nomen
486 2350 577 2399 tuum
601 2341 728 2400 volitat:
750 2349 782 2399 et
804 2339 835 2397 in

79 2436 171 2496 omni
197 2438 337 2497 ecclesia
359 2439 429 2497 laus
451 2439 553 2498 sancti
578 2436 732 2496 Iohannis
755 2436 874 2510 Bao-20

81 2537 177 2596 tistae
201 2537 399 2596 excellenter
414 2537 522 2596 claret.
553 2536 585 2596 Si
607 2536 691 2594 inter
705 2534 838 2610 angelos

82 2645 114 2694 te
146 2634 336 2710 quaesiero,
373 2635 535 2694 lohannes
566 2651 623 2709 par
653 2632 777 2708 angelis
808 2642 839 2691 et

83 2732 196 2794 socius
224 2733 413 2809 angelorum
445 2742 541 2808 atque
572 2730 705 2789 homine
737 2729 840 2788 maior

82 2840 173 2892 recte
209 2830 428 2906 praedicatur:
471 2830 497 2889 si
535 2830 620 2888 inter
655 2829 840 2904 prophetas

82 2929 182 2990 etiam
205 2929 279 3004 plus
301 2945 397 3004 quam
420 2929 577 3004 propheta
600 2926 735 2987 Christo
757 2935 839 2985 teste
849 2945 877 2986 25

83 3027 222 3088 diceris:
251 3026 278 3085 si
301 3026 387 3085 inter
414 3027 594 3101 apostoloS‚
621 3025 840 3101 apostolorum

83 3142 149 3185 vox
178 3133 210 3184 et
239 3123 398 3200 evangelii
422 3123 628 3199 primicerius
650 3122 841 3198 dignissime

84 3221 283 3282 nominaris:
312 3222 340 3281 si
370 3222 455 3282 inter
476 3231 650 3297 martyres,
679 3231 712 3280 tu
736 3219 843 3280 fortis-

85 3321 193 3380 simus
214 3320 334 3379 athleta
355 3329 533 3396 martyrum
557 3318 708 3378 nobiliter
727 3319 843 3378 decan·

86 3419 183 3480 taris:
215 3419 243 3477 si
272 3417 357 3477 inter
385 3417 594 3477 confessores
623 3427 655 3476 et
682 3417 879 3491 doctores‚ao

85 3529 119 3578 tu
157 3518 263 3576 almus
295 3515 419 3577 Christi
457 3516 628 3575 confessor
663 3531 699 3573 ac
731 3515 844 3574 doctor

445 3621 481 3662 371
692 3619 736 3660 24·
