2144 4194
89 423 410 477 ffiffiwffi
446 426 491 477 [¹¹]
525 425 847 478 fflfflfflfflxffl

89 575 197 634 neque
219 558 254 617 in
278 566 380 618 terra:
409 575 518 635 neque
546 559 579 619 in
603 559 729 619 cunctis
751 559 846 636 legis-

88 656 246 716 latoribus
276 665 308 716 et
337 656 509 732 magistris.
553 657 760 734 Quapropter
781 674 846 717 non

89 763 157 813 erat
172 753 305 829 mirum,
321 754 348 814 si
365 754 470 814 lllaria
485 755 588 815 doluit
603 756 756 815 multum:
772 772 846 814 cum

88 851 289 929 perdidisset
304 861 367 911 tam
383 853 537 914 dilectum
554 853 656 913 liliurn
672 870 748 929 prae
771 852 847 913 liliis

89 949 261 1010 hominum
276 951 473 1011 decoratum.
496 952 608 1012 Facies
623 968 764 1028 namque
775 951 870 1011 elusa

89 1049 172 1108 mira
187 1049 389 1109 iucunditate
404 1066 537 1126 serena3
560 1050 645 1109 oculi
661 1048 750 1124 clari,
765 1048 848 1108 labia

88 1165 186 1222 pura:
203 1147 370 1223 eloquium
386 1147 491 1223 dulce,
507 1148 678 1224 responsio
689 1147 848 1223 sapientia

88 1245 195 1321 plena.
220 1245 306 1303 Dum
319 1254 402 1304 tacet
413 1245 575 1321 aedificat3
587 1261 660 1305 cum
672 1246 848 1320 respondet

88 1342 241 1403 instruit:
271 1343 399 1402 virtutis
429 1353 479 1402 est
503 1359 600 1403 omne
623 1343 709 1419 quod
731 1342 795 1418 agit
817 1353 848 1402 et

89 1440 180 1500 dicit.
225 1437 258 1498 Si
289 1450 352 1499 tam
375 1439 488 1499 dulces
518 1439 643 1499 fructus
669 1439 786 1500 emittit
814 1440 847 1499 in
860 1457 884 1497 ro

89 1538 848 1614 llore3quantosproducetinmessisubertate?

130 1635 161 1697 O
186 1652 282 1712 quam
305 1635 496 1695 delectabile
519 1645 569 1694 est
586 1635 705 1696 amanti
721 1636 848 1695 animae

90 1734 305 1810 contemplari
323 1735 431 1794 Iesum
448 1734 653 1793 Nazarenum
670 1734 775 1793 virum
796 1751 848 1810 ap-

91 1834 263 1908 probatum
279 1851 297 1892 a
315 1833 396 1903 Deo,
418 1832 520 1908 signis
536 1842 568 1892 et
582 1831 737 1908 prodigiis
757 1847 848 1890 coru-

90 1940 238 1990 scantem
255 1930 288 1989 in
311 1931 446 2005 populo:
468 1947 504 1988 ac
520 1930 619 1989 verba
641 1929 725 1989 vitae
750 1945 884 2005 superis

91 2028 157 2087 mel
189 2039 222 2087 et
251 2027 359 2086 favum
389 2027 534 2087 dulciora
558 2026 728 2102 discipulis
758 2042 848 2101 prae-

90 2124 265 2184 dicantem.
296 2122 329 2183 Si
346 2124 426 2183 mihi
443 2141 508 2183 uno
524 2133 647 2183 tantum
664 2123 716 2183 die
738 2123 847 2183 datum

8 2251 9 2260 κ
90 2230 181 2281 esset
213 2237 286 2280 cum
319 2221 461 2281 Domino
492 2237 565 2281 meo
598 2220 784 2280 conversari
814 2220 847 2279 in

89 2319 224 2393 mundo,
236 2318 365 2378 felicem
378 2336 430 2378 me
444 2328 605 2394 putarem:
622 2334 682 2377 nec
694 2335 846 2395 umquam

90 2417 190 2476 buius
206 2417 269 2476 diei
281 2417 430 2476 oblivisci
446 2417 610 2490 deberem,
626 2425 757 2492 propter
769 2415 846 2475 emi·
856 2431 883 2472 ao

89 2525 223 2576 nentem
253 2514 431 2574 doctrinam
462 2524 494 2573 et
525 2513 682 2573 humilem
713 2530 847 2573 conver·

89 2612 249 2672 sationem
281 2611 338 2672 lilii
364 2613 424 2672 Dei
454 2629 528 2671 curn
558 2611 634 2671 liliis
660 2611 847 2686 hominum;

89 2710 144 2785 qui
160 2709 287 2768 nullum
303 2725 479 2786 pauperem
495 2710 547 2769 vel
564 2710 704 2769 debilem
720 2709 846 2768 vitavit:

91 2806 264 2867 sedetiam
281 2823 354 2866 cum
371 2806 554 2883 publicanis
573 2817 605 2867 et
620 2806 846 2883 peccatoribus

90 2904 286 2987 manducare
301 2905 435 2964 solebat.
460 2905 534 2964 Heu
550 2915 705 2980 quantum
717 2904 881 2964 delirat225

89 3001 143 3076 qui
159 3002 198 3060 ab
214 3003 277 3060 hoc
293 3001 501 3061 sanctissimo
517 3002 693 3078 exemplari
708 3002 741 3061 in
753 3019 844 3061 mun-

8 3085 9 3088 *
90 3100 128 3158 do
145 3116 295 3174 accenso,
311 3099 362 3158 vel
379 3098 417 3158 ad
434 3108 634 3158 momentum
650 3100 760 3175 breve,
776 3117 844 3160 cor-

90 3196 138 3256 dis
160 3196 292 3256 oculum
322 3195 474 3256 dellectit.
517 3195 764 3257 Aestimandum
795 3208 844 3258 est

91 3295 174 3369 quod
210 3295 278 3353 diu
314 3294 508 3354 indoctus
546 3305 584 3354 et
626 3294 843 3371 insipiens

91 3392 288 3466 manebit,
318 3391 385 3467 qui
415 3391 539 3452 vitam
569 3408 680 3451 suam
710 3393 755 3452 ad
778 3394 878 3452 hu-so

92 3490 309 3550 militatem
339 3489 512 3549 humilis
539 3489 613 3549 Dei
644 3507 723 3549 non
754 3506 840 3548 con-

447 3593 484 3634 ras
