2122 4196
1039 231 1043 314 l

1042 329 1043 408 l

251 424 291 475 &³
323 422 492 465 MEDITATIO
508 423 547 465 DE
563 422 794 466 INCARNATIONE
811 423 938 465 CHRISTI
969 423 1004 475 ἴς)
1042 431 1043 466 ἶ

251 565 283 616 et
294 568 426 632 propter
437 557 614 617 Ierusalem
626 575 691 617 non
702 557 887 634 quiescam3
902 557 1002 616 donec

250 654 434 730 egrediatur
465 665 499 715 ut
530 655 686 731 splendor
715 655 821 715 iustus
852 654 945 714 eius:
976 664 1003 712 et

250 750 398 812 Salvator
420 753 491 812 eius
518 763 553 813 ut
575 754 698 828 lampas
720 753 926 813 accendatur.
971 752 1004 811 Et
1042 741 1046 816 ἶ

250 849 324 926 quis
354 850 507 926 indagare
538 851 661 910 suflicit
697 867 812 910 omnes
847 849 1003 927 mysticos
1041 868 1046 927 p

227 947 322 1009 seius
352 965 539 1024 sermones;
569 966 651 1026 quos
680 949 720 1008 de
748 958 803 1008 tua
831 947 1003 1025 praecipua
1040 956 1046 1033 l

250 1045 489 1121 incarnatione,
518 1047 671 1122 passione
693 1045 947 1123 glorificatione,
976 1056 1003 1106 et
1041 1033 1046 1125 i

249 1143 360 1204 iudicii
384 1144 618 1220 expectatione,
640 1161 701 1203 nec
723 1161 788 1203 non
805 1144 1002 1220 degentium
1040 1148 1045 1235 Ι

249 1242 420 1302 vocatione
435 1252 467 1302 et
478 1243 580 1302 sancti
593 1242 752 1319 evangelii
763 1242 1002 1318 praedicatione
1042 1266 1044 1275 ·

249 1340 411 1417 digessit?
447 1339 501 1400 Sic
516 1349 625 1400 narrat
647 1340 755 1400 futura
777 1339 869 1417 quasi
893 1348 1002 1400 essent
1040 1275 1046 1408 i

216 1438 438 1514 ropraeterita3
470 1437 517 1498 sic
549 1437 677 1514 singula
707 1448 893 1499 enumerat:
925 1447 1002 1498 tam-

249 1536 1002 1613 quamoculisconspexissetuniversa.Verum-

249 1645 358 1694 tamen
382 1634 478 1694 vidit:
508 1636 566 1695 sed
596 1635 871 1696 intellectualibus
901 1637 1003 1696 oculis

249 1749 314 1791 non
330 1731 523 1793 carnalibus.
551 1732 781 1808 Spiritualibus
796 1734 883 1794 enim
900 1735 1003 1795 oculis

249 1841 428 1890 cernuntur
443 1830 553 1890 divina
567 1831 739 1908 mysteria:
755 1848 838 1907 quae
853 1831 1002 1891 animalis

215 1930 347 1990 rshomo
368 1928 538 2004 percipere
555 1945 621 1987 non
637 1937 752 2004 potest.
782 1928 876 1988 Vnde
893 1929 1003 1989 Phari·
1043 2007 1044 2012 ἵ

249 2025 1003 2102 saeiquisolumexteriusconsiderabantprae-

249 2123 387 2183 sentiam
410 2123 443 2183 in
459 2133 491 2183 te
507 2124 724 2198 corporalem:
747 2140 812 2183 non
828 2133 1003 2199 potuerunt

249 2222 287 2281 ad
310 2221 488 2281 divinitatis
503 2221 705 2281 maiestatem
726 2237 909 2297 assurgere.
940 2221 1002 2281 Sed

250 2319 351 2379 isaias
373 2320 509 2379 caelitus
531 2317 733 2378 illuminatus
749 2327 781 2377 et
797 2319 1002 2378 sublevatus:

212 2438 239 2478 20
248 2417 289 2476 de
300 2427 436 2494 utraque
446 2430 561 2477 natura
576 2417 709 2493 protulit
723 2417 910 2477 testimonia
920 2418 1003 2477 veri·

248 2515 332 2574 tatis.
376 2515 458 2576 Nam
482 2516 522 2575 de
544 2515 711 2575 divinitate
734 2515 781 2574 sic
804 2515 890 2575 dicit.
929 2516 1002 2576 Vidi

250 2612 427 2673 Dominum
450 2614 619 2673 sedentem
636 2630 736 2689 super
757 2612 876 2672 solium
899 2616 1004 2673 excel-

249 2727 322 2770 sum
334 2721 365 2771 et
375 2712 554 2771 elevatum:
571 2721 602 2771 et
613 2712 709 2787 plena
719 2722 787 2772 erat
798 2711 905 2771 omnis
919 2720 1004 2771 terra

249 2808 417 2868 maiestate
440 2809 521 2869 eius.
558 2810 607 2869 De
623 2810 823 2870 humanitate
844 2827 924 2870 vero
946 2810 1003 2869 sic.

211 2929 239 2970 25
250 2905 400 2966 Vidimus
411 2924 503 2967 eum:
517 2917 548 2968 et
558 2925 624 2967 non
636 2917 877 2984 erataspectus
894 2907 932 2967 Et
943 2924 1003 2967 nos

249 3004 435 3079 putavimus
458 3022 532 3065 eum
557 3006 650 3083 quasi
673 3006 856 3081 leprosum:
879 3015 911 3065 et
933 3023 1004 3082 per·

249 3118 382 3161 cussum
401 3103 511 3177 aDco‚
527 3112 559 3162 ct
570 3102 785 3163 humiliatum.
812 3104 885 3179 lpse
896 3113 1003 3163 autem

248 3198 439 3259 vulneratus
455 3211 504 3261 cst
519 3211 651 3277 propter
661 3201 849 3278 iniquitates
860 3212 1004 3262 nostras:

249 3297 376 3357 attritus
399 3307 448 3359 est
470 3309 602 3375 propter
624 3299 750 3358 scelera
770 3308 891 3359 nostra.

162 3427 238 3459 mg.
289 3393 447 3454 Similiter
469 3405 500 3455 et
516 3395 671 3455 Ieremias
689 3397 847 3471 propheta
868 3396 1004 3457 sanctis·

163 3481 234 3513 ‘ms'
249 3491 370 3567 simus,
398 3493 622 3553 testimonium
652 3493 708 3552 tibi
734 3494 899 3568 perhibet:
929 3512 1002 3554 cum

616 3599 639 3638 18
