<?xml version="1.0" encoding="UTF-8"?>
<!DOCTYPE html PUBLIC "-//W3C//DTD XHTML 1.0 Transitional//EN"
    "http://www.w3.org/TR/xhtml1/DTD/xhtml1-transitional.dtd">
<html xmlns="http://www.w3.org/1999/xhtml" xml:lang="en" lang="en">
 <head>
  <title>
</title>
<meta http-equiv="Content-Type" content="text/html;charset=utf-8" />
  <meta name='ocr-system' content='tesseract 3.04.00' />
  <meta name='ocr-capabilities' content='ocr_page ocr_carea ocr_par ocr_line ocrx_word'/>
</head>
<body>
  <div class='ocr_page' id='page_1' title='image "./thomaehemerkena01pohlgoog_0256.png"; bbox 0 0 2128 4190; ppageno 0'>
   <div class='ocr_carea' id='block_1_1' title="bbox 64 428 826 486">
    <p class='ocr_par' dir='ltr' id='par_1_1' title="bbox 64 428 826 486">
     <span class='ocr_line' id='line_1_1' title="bbox 64 428 826 486; baseline -0.001 -4"><span class='ocrx_word' id='word_1_1' title='bbox 64 428 387 486; x_wconf 49' lang='lat' dir='ltr'><strong>mmm</strong></span> <span class='ocrx_word' id='word_1_2' title='bbox 426 430 470 481; x_wconf 66' lang='lat'>[26]</span> <span class='ocrx_word' id='word_1_3' title='bbox 505 428 826 482; x_wconf 47' lang='lat' dir='ltr'><strong>mmmm</strong></span> 
     </span>
    </p>
   </div>
   <div class='ocr_carea' id='block_1_2' title="bbox 62 563 863 2107">
    <p class='ocr_par' dir='ltr' id='par_1_2' title="bbox 62 563 863 2107">
     <span class='ocr_line' id='line_1_2' title="bbox 63 563 827 640; baseline -0.003 -16"><span class='ocrx_word' id='word_1_4' title='bbox 63 573 162 624; x_wconf 85' lang='lat' dir='ltr'><strong>nocte</strong></span> <span class='ocrx_word' id='word_1_5' title='bbox 192 566 232 625; x_wconf 92' lang='lat' dir='ltr'><strong>ad</strong></span> <span class='ocrx_word' id='word_1_6' title='bbox 261 566 389 626; x_wconf 89' lang='lat' dir='ltr'><strong>laudem</strong></span> <span class='ocrx_word' id='word_1_7' title='bbox 414 563 475 624; x_wconf 90' lang='lat' dir='ltr'><strong>Dei</strong></span> <span class='ocrx_word' id='word_1_8' title='bbox 504 573 703 640; x_wconf 85' lang='lat' dir='ltr'><strong>peraguntur</strong></span> <span class='ocrx_word' id='word_1_9' title='bbox 731 563 827 638; x_wconf 87' lang='lat' dir='ltr'><strong>parti-</strong></span> 
     </span>
     <span class='ocr_line' id='line_1_3' title="bbox 63 661 826 738; baseline -0.004 -15"><span class='ocrx_word' id='word_1_10' title='bbox 63 679 144 738; x_wconf 89' lang='lat' dir='ltr'>ceps</span> <span class='ocrx_word' id='word_1_11' title='bbox 161 662 248 722; x_wconf 88' lang='lat' dir='ltr'><strong>ellici</strong></span> <span class='ocrx_word' id='word_1_12' title='bbox 265 662 432 723; x_wconf 86' lang='lat' dir='ltr'><strong>merearis.</strong></span> <span class='ocrx_word' id='word_1_13' title='bbox 456 661 531 723; x_wconf 91' lang='lat' dir='ltr'><strong>Cito</strong></span> <span class='ocrx_word' id='word_1_14' title='bbox 544 679 685 738; x_wconf 89' lang='lat' dir='ltr'><strong>namque</strong></span> <span class='ocrx_word' id='word_1_15' title='bbox 696 661 826 721; x_wconf 88' lang='lat' dir='ltr'><strong>veniam</strong></span> 
     </span>
     <span class='ocr_line' id='line_1_4' title="bbox 64 759 827 837; baseline -0.003 -17"><span class='ocrx_word' id='word_1_16' title='bbox 64 778 82 820; x_wconf 90' lang='lat' dir='ltr'><strong>a</strong></span> <span class='ocrx_word' id='word_1_17' title='bbox 98 761 172 820; x_wconf 89' lang='lat' dir='ltr'><strong>Deo</strong></span> <span class='ocrx_word' id='word_1_18' title='bbox 188 761 362 821; x_wconf 83' lang='lat' dir='ltr'><strong>obtinebit:</strong></span> <span class='ocrx_word' id='word_1_19' title='bbox 378 759 528 837; x_wconf 91' lang='lat' dir='ltr'><strong>quisquis</strong></span> <span class='ocrx_word' id='word_1_20' title='bbox 543 760 583 819; x_wconf 90' lang='lat' dir='ltr'><strong>de</strong></span> <span class='ocrx_word' id='word_1_21' title='bbox 599 759 741 836; x_wconf 89' lang='lat' dir='ltr'><strong>peccatis</strong></span> <span class='ocrx_word' id='word_1_22' title='bbox 757 759 827 819; x_wconf 92' lang='lat' dir='ltr'><strong>suis</strong></span> 
     </span>
     <span class='ocr_line' id='line_1_5' title="bbox 64 857 827 933; baseline -0.004 -15"><span class='ocrx_word' id='word_1_23' title='bbox 64 858 229 918; x_wconf 87' lang='lat' dir='ltr'><strong>veraciter</strong></span> <span class='ocrx_word' id='word_1_24' title='bbox 257 858 389 933; x_wconf 78' lang='lat' dir='ltr'><strong>dolenS‚</strong></span> <span class='ocrx_word' id='word_1_25' title='bbox 418 858 458 917; x_wconf 89' lang='lat' dir='ltr'><strong>de</strong></span> <span class='ocrx_word' id='word_1_26' title='bbox 487 867 596 917; x_wconf 85' lang='lat' dir='ltr'><strong>cetero</strong></span> <span class='ocrx_word' id='word_1_27' title='bbox 626 857 762 918; x_wconf 88' lang='lat' dir='ltr'><strong>lirmitcr</strong></span> <span class='ocrx_word' id='word_1_28' title='bbox 790 873 827 916; x_wconf 88' lang='lat' dir='ltr'><strong>sc</strong></span> 
     </span>
     <span class='ocr_line' id='line_1_6' title="bbox 63 954 850 1033; baseline -0.008 -16"><span class='ocrx_word' id='word_1_29' title='bbox 63 957 244 1017; x_wconf 86' lang='lat' dir='ltr'><strong>emendare</strong></span> <span class='ocrx_word' id='word_1_30' title='bbox 258 956 417 1033; x_wconf 89' lang='lat' dir='ltr'>proponit.</span> <span class='ocrx_word' id='word_1_31' title='bbox 441 955 593 1031; x_wconf 80' lang='lat' dir='ltr'><strong>Magnam</strong></span> <span class='ocrx_word' id='word_1_32' title='bbox 605 971 735 1032; x_wconf 91' lang='lat' dir='ltr'><strong>quoque</strong></span> <span class='ocrx_word' id='word_1_33' title='bbox 747 954 850 1015; x_wconf 80' lang='lat' dir='ltr'><strong>fidu-5</strong></span> 
     </span>
     <span class='ocr_line' id='line_1_7' title="bbox 63 1053 825 1131; baseline -0.001 -17"><span class='ocrx_word' id='word_1_34' title='bbox 63 1054 149 1114; x_wconf 88' lang='lat' dir='ltr'><strong>ciam</strong></span> <span class='ocrx_word' id='word_1_35' title='bbox 175 1053 304 1114; x_wconf 88' lang='lat' dir='ltr'><strong>divinae</strong></span> <span class='ocrx_word' id='word_1_36' title='bbox 326 1053 564 1130; x_wconf 82' lang='lat' dir='ltr'><strong>propitiationis</strong></span> <span class='ocrx_word' id='word_1_37' title='bbox 586 1054 732 1131; x_wconf 89' lang='lat' dir='ltr'><strong>acquiret</strong></span> <span class='ocrx_word' id='word_1_38' title='bbox 740 1071 749 1129; x_wconf 94' lang='lat'>;</span> <span class='ocrx_word' id='word_1_39' title='bbox 771 1053 825 1130; x_wconf 92' lang='lat' dir='ltr'><strong>qui</strong></span> 
     </span>
     <span class='ocr_line' id='line_1_8' title="bbox 62 1150 826 1228; baseline 0.001 -18"><span class='ocrx_word' id='word_1_40' title='bbox 62 1151 97 1210; x_wconf 95' lang='lat' dir='ltr'><strong>in</strong></span> <span class='ocrx_word' id='word_1_41' title='bbox 115 1151 206 1211; x_wconf 92' lang='lat' dir='ltr'><strong>omni</strong></span> <span class='ocrx_word' id='word_1_42' title='bbox 228 1168 262 1210; x_wconf 84' lang='lat' dir='ltr'><strong>re</strong></span> <span class='ocrx_word' id='word_1_43' title='bbox 278 1161 310 1211; x_wconf 89' lang='lat' dir='ltr'><strong>et</strong></span> <span class='ocrx_word' id='word_1_44' title='bbox 324 1151 481 1227; x_wconf 88' lang='lat' dir='ltr'><strong>petitione</strong></span> <span class='ocrx_word' id='word_1_45' title='bbox 496 1151 683 1228; x_wconf 85' lang='lat' dir='ltr'><strong>passionem</strong></span> <span class='ocrx_word' id='word_1_46' title='bbox 700 1150 826 1212; x_wconf 86' lang='lat' dir='ltr'><strong>Christi</strong></span> 
     </span>
     <span class='ocr_line' id='line_1_9' title="bbox 63 1248 827 1327; baseline 0.001 -19"><span class='ocrx_word' id='word_1_47' title='bbox 63 1249 98 1308; x_wconf 93' lang='lat' dir='ltr'><strong>in</strong></span> <span class='ocrx_word' id='word_1_48' title='bbox 123 1248 281 1308; x_wconf 84' lang='lat' dir='ltr'><strong>auxilium</strong></span> <span class='ocrx_word' id='word_1_49' title='bbox 304 1249 365 1308; x_wconf 92' lang='lat' dir='ltr'><strong>sibi</strong></span> <span class='ocrx_word' id='word_1_50' title='bbox 388 1250 542 1310; x_wconf 85' lang='lat' dir='ltr'><strong>assumit:</strong></span> <span class='ocrx_word' id='word_1_51' title='bbox 565 1259 597 1309; x_wconf 94' lang='lat' dir='ltr'><strong>et</strong></span> <span class='ocrx_word' id='word_1_52' title='bbox 616 1250 689 1327; x_wconf 93' lang='lat' dir='ltr'><strong>plus</strong></span> <span class='ocrx_word' id='word_1_53' title='bbox 706 1250 745 1309; x_wconf 90' lang='lat' dir='ltr'><strong>de</strong></span> <span class='ocrx_word' id='word_1_54' title='bbox 760 1266 827 1309; x_wconf 86' lang='lat' dir='ltr'><strong>me·</strong></span> 
     </span>
     <span class='ocr_line' id='line_1_10' title="bbox 63 1345 826 1423; baseline 0.001 -18"><span class='ocrx_word' id='word_1_55' title='bbox 63 1346 139 1406; x_wconf 88' lang='lat' dir='ltr'><strong>ritis</strong></span> <span class='ocrx_word' id='word_1_56' title='bbox 155 1345 282 1407; x_wconf 85' lang='lat' dir='ltr'><strong>Christi</strong></span> <span class='ocrx_word' id='word_1_57' title='bbox 299 1356 331 1407; x_wconf 85' lang='lat' dir='ltr'><strong>et</strong></span> <span class='ocrx_word' id='word_1_58' title='bbox 346 1355 533 1406; x_wconf 90' lang='lat' dir='ltr'><strong>sanctorum</strong></span> <span class='ocrx_word' id='word_1_59' title='bbox 549 1346 714 1423; x_wconf 84' lang='lat' dir='ltr'><strong>suffragiis</strong></span> <span class='ocrx_word' id='word_1_60' title='bbox 730 1363 826 1423; x_wconf 92' lang='lat' dir='ltr'><strong>quam</strong></span> 
     </span>
     <span class='ocr_line' id='line_1_11' title="bbox 63 1443 863 1520; baseline -0.001 -18"><span class='ocrx_word' id='word_1_61' title='bbox 63 1444 106 1503; x_wconf 92' lang='lat' dir='ltr'><strong>de</strong></span> <span class='ocrx_word' id='word_1_62' title='bbox 137 1443 279 1520; x_wconf 89' lang='lat' dir='ltr'><strong>propriis</strong></span> <span class='ocrx_word' id='word_1_63' title='bbox 308 1445 473 1505; x_wconf 87' lang='lat' dir='ltr'><strong>laboribus</strong></span> <span class='ocrx_word' id='word_1_64' title='bbox 502 1454 534 1504; x_wconf 90' lang='lat' dir='ltr'><strong>et</strong></span> <span class='ocrx_word' id='word_1_65' title='bbox 556 1444 730 1505; x_wconf 91' lang='lat' dir='ltr'><strong>virtutibus</strong></span> <span class='ocrx_word' id='word_1_66' title='bbox 752 1461 827 1504; x_wconf 96' lang='lat' dir='ltr'><strong>con·</strong></span> <span class='ocrx_word' id='word_1_67' title='bbox 839 1460 863 1502; x_wconf 88' lang='grc' dir='ltr'><strong>ιο</strong></span> 
     </span>
     <span class='ocr_line' id='line_1_12' title="bbox 64 1541 827 1618; baseline 0.001 -17"><span class='ocrx_word' id='word_1_68' title='bbox 64 1541 148 1601; x_wconf 84' lang='lat' dir='ltr'><strong>fidit.</strong></span> <span class='ocrx_word' id='word_1_69' title='bbox 185 1541 268 1601; x_wconf 89' lang='lat' dir='ltr'><strong>Nam</strong></span> <span class='ocrx_word' id='word_1_70' title='bbox 291 1558 389 1618; x_wconf 88' lang='lat' dir='ltr'><strong>opera</strong></span> <span class='ocrx_word' id='word_1_71' title='bbox 411 1553 521 1602; x_wconf 90' lang='lat' dir='ltr'><strong>nostra</strong></span> <span class='ocrx_word' id='word_1_72' title='bbox 537 1542 648 1602; x_wconf 90' lang='lat' dir='ltr'><strong>stricte</strong></span> <span class='ocrx_word' id='word_1_73' title='bbox 664 1542 827 1602; x_wconf 89' lang='lat' dir='ltr'><strong>discussa:</strong></span> 
     </span>
     <span class='ocr_line' id='line_1_13' title="bbox 63 1640 827 1717; baseline 0.004 -20"><span class='ocrx_word' id='word_1_74' title='bbox 63 1656 142 1698; x_wconf 88' lang='lat' dir='ltr'><strong>raro</strong></span> <span class='ocrx_word' id='word_1_75' title='bbox 166 1655 206 1698; x_wconf 87' lang='lat' dir='ltr'><strong>ex</strong></span> <span class='ocrx_word' id='word_1_76' title='bbox 227 1649 294 1699; x_wconf 93' lang='lat' dir='ltr'><strong>toto</strong></span> <span class='ocrx_word' id='word_1_77' title='bbox 316 1649 392 1700; x_wconf 91' lang='lat' dir='ltr'><strong>sunt</strong></span> <span class='ocrx_word' id='word_1_78' title='bbox 414 1658 503 1717; x_wconf 87' lang='lat' dir='ltr'><strong>pura.</strong></span> <span class='ocrx_word' id='word_1_79' title='bbox 533 1640 571 1700; x_wconf 87' lang='lat' dir='ltr'><strong>Et</strong></span> <span class='ocrx_word' id='word_1_80' title='bbox 592 1640 666 1700; x_wconf 90' lang='lat' dir='ltr'><strong>ideo</strong></span> <span class='ocrx_word' id='word_1_81' title='bbox 689 1657 827 1701; x_wconf 89' lang='lat' dir='ltr'><strong>necesse</strong></span> 
     </span>
     <span class='ocr_line' id='line_1_14' title="bbox 64 1737 826 1798; baseline 0.001 -2"><span class='ocrx_word' id='word_1_82' title='bbox 64 1737 106 1796; x_wconf 87' lang='lat' dir='ltr'><strong>ad</strong></span> <span class='ocrx_word' id='word_1_83' title='bbox 124 1737 342 1797; x_wconf 82' lang='lat' dir='ltr'><strong>humilitatem</strong></span> <span class='ocrx_word' id='word_1_84' title='bbox 363 1747 394 1797; x_wconf 90' lang='lat' dir='ltr'><strong>et</strong></span> <span class='ocrx_word' id='word_1_85' title='bbox 410 1737 630 1797; x_wconf 83' lang='lat' dir='ltr'><strong>confessionis</strong></span> <span class='ocrx_word' id='word_1_86' title='bbox 646 1737 826 1798; x_wconf 88' lang='lat' dir='ltr'><strong>remedium</strong></span> 
     </span>
     <span class='ocr_line' id='line_1_15' title="bbox 64 1834 826 1911; baseline 0.001 -17"><span class='ocrx_word' id='word_1_87' title='bbox 64 1834 249 1911; x_wconf 82' lang='lat' dir='ltr'><strong>confugere</strong></span> <span class='ocrx_word' id='word_1_88' title='bbox 257 1853 266 1911; x_wconf 91' lang='lat'>;</span> <span class='ocrx_word' id='word_1_89' title='bbox 288 1852 419 1911; x_wconf 86' lang='lat' dir='ltr'><strong>semper</strong></span> <span class='ocrx_word' id='word_1_90' title='bbox 440 1853 458 1894; x_wconf 87' lang='lat' dir='ltr'><strong>a</strong></span> <span class='ocrx_word' id='word_1_91' title='bbox 476 1836 546 1895; x_wconf 88' lang='lat' dir='ltr'><strong>Deo</strong></span> <span class='ocrx_word' id='word_1_92' title='bbox 569 1835 826 1896; x_wconf 87' lang='lat' dir='ltr'><strong>misericordiam</strong></span> 
     </span>
     <span class='ocr_line' id='line_1_16' title="bbox 64 1933 863 2009; baseline -0.001 -17"><span class='ocrx_word' id='word_1_93' title='bbox 64 1941 183 2008; x_wconf 85' lang='lat' dir='ltr'><strong>petere</strong></span> <span class='ocrx_word' id='word_1_94' title='bbox 206 1951 242 1993; x_wconf 92' lang='lat' dir='ltr'><strong>ac</strong></span> <span class='ocrx_word' id='word_1_95' title='bbox 264 1943 362 1993; x_wconf 85' lang='lat' dir='ltr'><strong>totam</strong></span> <span class='ocrx_word' id='word_1_96' title='bbox 386 1951 477 2009; x_wconf 88' lang='lat' dir='ltr'><strong>spem</strong></span> <span class='ocrx_word' id='word_1_97' title='bbox 500 1933 615 1993; x_wconf 90' lang='lat' dir='ltr'><strong>salutis</strong></span> <span class='ocrx_word' id='word_1_98' title='bbox 638 1933 670 1993; x_wconf 94' lang='lat' dir='ltr'><strong>in</strong></span> <span class='ocrx_word' id='word_1_99' title='bbox 692 1933 827 1995; x_wconf 90' lang='lat' dir='ltr'><strong>Christo</strong></span> <span class='ocrx_word' id='word_1_100' title='bbox 839 1951 863 1992; x_wconf 87' lang='lat'><strong>15</strong></span> 
     </span>
     <span class='ocr_line' id='line_1_17' title="bbox 64 2031 827 2107; baseline 0.004 -18"><span class='ocrx_word' id='word_1_101' title='bbox 64 2046 210 2106; x_wconf 85' lang='lat' dir='ltr'><strong>ponere:</strong></span> <span class='ocrx_word' id='word_1_102' title='bbox 240 2031 295 2107; x_wconf 92' lang='lat' dir='ltr'><strong>qui</strong></span> <span class='ocrx_word' id='word_1_103' title='bbox 318 2032 409 2092; x_wconf 90' lang='lat' dir='ltr'><strong>solus</strong></span> <span class='ocrx_word' id='word_1_104' title='bbox 431 2031 464 2090; x_wconf 95' lang='lat' dir='ltr'><strong>in</strong></span> <span class='ocrx_word' id='word_1_105' title='bbox 487 2031 639 2090; x_wconf 88' lang='lat' dir='ltr'><strong>omnibus</strong></span> <span class='ocrx_word' id='word_1_106' title='bbox 661 2031 827 2106; x_wconf 85' lang='lat' dir='ltr'><strong>perlectus</strong></span> 
     </span>
    </p>
   </div>
   <div class='ocr_carea' id='block_1_3' title="bbox 64 2128 905 2594">
    <p class='ocr_par' dir='ltr' id='par_1_3' title="bbox 64 2128 905 2594">
     <span class='ocr_line' id='line_1_18' title="bbox 65 2128 828 2205; baseline 0.001 -17"><span class='ocrx_word' id='word_1_107' title='bbox 65 2137 130 2188; x_wconf 86' lang='lat' dir='ltr'><strong>est.</strong></span> <span class='ocrx_word' id='word_1_108' title='bbox 183 2129 258 2204; x_wconf 95' lang='lat' dir='ltr'><strong>lpse</strong></span> <span class='ocrx_word' id='word_1_109' title='bbox 294 2129 380 2189; x_wconf 89' lang='lat' dir='ltr'><strong>enim</strong></span> <span class='ocrx_word' id='word_1_110' title='bbox 417 2138 524 2204; x_wconf 88' lang='lat' dir='ltr'><strong>potest</strong></span> <span class='ocrx_word' id='word_1_111' title='bbox 561 2128 828 2205; x_wconf 84' lang='lat' dir='ltr'><strong>imperfectiones</strong></span> 
     </span>
     <span class='ocr_line' id='line_1_19' title="bbox 64 2226 828 2302; baseline 0.003 -18"><span class='ocrx_word' id='word_1_112' title='bbox 64 2235 200 2285; x_wconf 91' lang='lat' dir='ltr'><strong>nostras</strong></span> <span class='ocrx_word' id='word_1_113' title='bbox 229 2227 381 2286; x_wconf 85' lang='lat' dir='ltr'><strong>celeriter</strong></span> <span class='ocrx_word' id='word_1_114' title='bbox 409 2237 440 2286; x_wconf 89' lang='lat' dir='ltr'><strong>et</strong></span> <span class='ocrx_word' id='word_1_115' title='bbox 469 2226 614 2302; x_wconf 84' lang='lat' dir='ltr'><strong>perfecte</strong></span> <span class='ocrx_word' id='word_1_116' title='bbox 637 2244 767 2287; x_wconf 91' lang='lat' dir='ltr'><strong>curare:</strong></span> <span class='ocrx_word' id='word_1_117' title='bbox 797 2236 828 2286; x_wconf 93' lang='lat' dir='ltr'><strong>et</strong></span> 
     </span>
     <span class='ocr_line' id='line_1_20' title="bbox 64 2322 828 2400; baseline 0.003 -19"><span class='ocrx_word' id='word_1_118' title='bbox 64 2322 262 2398; x_wconf 88' lang='lat' dir='ltr'><strong>ampliorem</strong></span> <span class='ocrx_word' id='word_1_119' title='bbox 298 2324 433 2400; x_wconf 84' lang='lat' dir='ltr'><strong>gratiam</strong></span> <span class='ocrx_word' id='word_1_120' title='bbox 470 2325 649 2385; x_wconf 91' lang='lat' dir='ltr'><strong>humilibus</strong></span> <span class='ocrx_word' id='word_1_121' title='bbox 686 2335 717 2385; x_wconf 88' lang='lat' dir='ltr'><strong>et</strong></span> <span class='ocrx_word' id='word_1_122' title='bbox 753 2341 828 2384; x_wconf 94' lang='lat' dir='ltr'><strong>con·</strong></span> 
     </span>
     <span class='ocr_line' id='line_1_21' title="bbox 64 2419 864 2497; baseline 0.004 -17"><span class='ocrx_word' id='word_1_123' title='bbox 64 2419 156 2480; x_wconf 92' lang='lat' dir='ltr'><strong>tritis</strong></span> <span class='ocrx_word' id='word_1_124' title='bbox 179 2421 276 2481; x_wconf 87' lang='lat' dir='ltr'><strong>corde</strong></span> <span class='ocrx_word' id='word_1_125' title='bbox 297 2431 472 2497; x_wconf 86' lang='lat' dir='ltr'><strong>praestare.</strong></span> <span class='ocrx_word' id='word_1_126' title='bbox 836 2442 864 2483; x_wconf 87' lang='lat'><strong>20</strong></span> 
     </span>
     <span class='ocr_line' id='line_1_22' title="bbox 111 2518 905 2594; baseline 0.004 -16"><span class='ocrx_word' id='word_1_127' title='bbox 111 2518 259 2594; x_wconf 85' lang='lat' dir='ltr'><strong>Septimo</strong></span> <span class='ocrx_word' id='word_1_128' title='bbox 281 2530 313 2579; x_wconf 88' lang='lat' dir='ltr'><strong>et</strong></span> <span class='ocrx_word' id='word_1_129' title='bbox 328 2519 441 2579; x_wconf 92' lang='lat' dir='ltr'><strong>ultimo</strong></span> <span class='ocrx_word' id='word_1_130' title='bbox 458 2520 529 2579; x_wconf 92' lang='lat' dir='ltr'><strong>loco</strong></span> <span class='ocrx_word' id='word_1_131' title='bbox 544 2521 712 2580; x_wconf 87' lang='lat' dir='ltr'><strong>attendere</strong></span> <span class='ocrx_word' id='word_1_132' title='bbox 728 2521 828 2580; x_wconf 89' lang='lat' dir='ltr'><strong>debes</strong></span> <span class='ocrx_word' id='word_1_133' title='bbox 873 2541 905 2582; x_wconf 72' lang='lat' dir='ltr'><strong>ne</strong></span> 
     </span>
    </p>
   </div>
   <div class='ocr_carea' id='block_1_4' title="bbox 806 2604 936 2655">
    <p class='ocr_par' dir='ltr' id='par_1_4' title="bbox 806 2604 936 2655">
     <span class='ocr_line' id='line_1_23' title="bbox 806 2604 936 2655; baseline -0.008 -11"><span class='ocrx_word' id='word_1_134' title='bbox 806 2619 812 2631; x_wconf 92' lang='lat'><strong>·</strong></span> <span class='ocrx_word' id='word_1_135' title='bbox 844 2604 936 2655; x_wconf 80' lang='lat' dir='ltr'><strong>septimo</strong></span> 
     </span>
    </p>
   </div>
   <div class='ocr_carea' id='block_1_5' title="bbox 64 2616 945 3474">
    <p class='ocr_par' dir='ltr' id='par_1_5' title="bbox 64 2616 945 3182">
     <span class='ocr_line' id='line_1_24' title="bbox 65 2616 936 2718; baseline 0.005 -43"><span class='ocrx_word' id='word_1_136' title='bbox 65 2627 102 2676; x_wconf 87' lang='lat' dir='ltr'><strong>et</strong></span> <span class='ocrx_word' id='word_1_137' title='bbox 125 2633 200 2675; x_wconf 92' lang='lat' dir='ltr'><strong>cum</strong></span> <span class='ocrx_word' id='word_1_138' title='bbox 223 2616 345 2693; x_wconf 87' lang='lat' dir='ltr'><strong>ingenti</strong></span> <span class='ocrx_word' id='word_1_139' title='bbox 368 2634 516 2677; x_wconf 88' lang='lat' dir='ltr'><strong>maerore</strong></span> <span class='ocrx_word' id='word_1_140' title='bbox 539 2634 688 2694; x_wconf 89' lang='lat' dir='ltr'><strong>pensare,</strong></span> <span class='ocrx_word' id='word_1_141' title='bbox 710 2619 744 2678; x_wconf 93' lang='lat' dir='ltr'><strong>in</strong></span> <span class='ocrx_word' id='word_1_142' title='bbox 760 2637 828 2696; x_wconf 85' lang='lat' dir='ltr'><strong>qur·</strong></span> <span class='ocrx_word' id='word_1_143' title='bbox 844 2668 936 2718; x_wconf 40' lang='lat' dir='ltr'><strong>puncto,</strong></span> 
     </span>
     <span class='ocr_line' id='line_1_25' title="bbox 64 2714 945 2799; baseline 0.008 -25"><span class='ocrx_word' id='word_1_144' title='bbox 64 2716 133 2774; x_wconf 93' lang='lat' dir='ltr'><strong>bus</strong></span> <span class='ocrx_word' id='word_1_145' title='bbox 169 2715 325 2774; x_wconf 86' lang='lat' dir='ltr'><strong>membris</strong></span> <span class='ocrx_word' id='word_1_146' title='bbox 356 2732 474 2791; x_wconf 88' lang='lat' dir='ltr'><strong>passus</strong></span> <span class='ocrx_word' id='word_1_147' title='bbox 505 2725 555 2774; x_wconf 84' lang='lat' dir='ltr'><strong>est</strong></span> <span class='ocrx_word' id='word_1_148' title='bbox 587 2714 761 2776; x_wconf 92' lang='lat' dir='ltr'><strong>Christus:</strong></span> <span class='ocrx_word' id='word_1_149' title='bbox 797 2726 945 2799; x_wconf 58' lang='lat' dir='ltr'><strong>etinruibas</strong></span> 
     </span>
     <span class='ocr_line' id='line_1_26' title="bbox 65 2792 939 2894; baseline 0.003 -24"><span class='ocrx_word' id='word_1_150' title='bbox 65 2811 186 2888; x_wconf 87' lang='lat' dir='ltr'><strong>quales</strong></span> <span class='ocrx_word' id='word_1_151' title='bbox 222 2828 344 2887; x_wconf 90' lang='lat' dir='ltr'><strong>poenas</strong></span> <span class='ocrx_word' id='word_1_152' title='bbox 380 2812 413 2872; x_wconf 95' lang='lat' dir='ltr'><strong>in</strong></span> <span class='ocrx_word' id='word_1_153' title='bbox 449 2812 587 2888; x_wconf 87' lang='lat' dir='ltr'><strong>singulis</strong></span> <span class='ocrx_word' id='word_1_154' title='bbox 619 2813 764 2873; x_wconf 91' lang='lat' dir='ltr'><strong>articulis</strong></span> <span class='ocrx_word' id='word_1_155' title='bbox 797 2792 939 2894; x_wconf 57' lang='lat' dir='ltr'><strong>et&#39;gjffi</strong></span> 
     </span>
     <span class='ocr_line' id='line_1_27' title="bbox 66 2909 936 2988; baseline 0 -20"><span class='ocrx_word' id='word_1_156' title='bbox 66 2909 218 2986; x_wconf 90' lang='lat' dir='ltr'><strong>quinque</strong></span> <span class='ocrx_word' id='word_1_157' title='bbox 247 2909 401 2970; x_wconf 88' lang='lat' dir='ltr'><strong>sensibus</strong></span> <span class='ocrx_word' id='word_1_158' title='bbox 430 2910 577 2986; x_wconf 91' lang='lat' dir='ltr'><strong>corporis</strong></span> <span class='ocrx_word' id='word_1_159' title='bbox 607 2911 740 2987; x_wconf 90' lang='lat' dir='ltr'><strong>pertulit</strong></span> <span class='ocrx_word' id='word_1_160' title='bbox 770 2929 828 2988; x_wconf 91' lang='lat' dir='ltr'><strong>pro</strong></span> <span class='ocrx_word' id='word_1_161' title='bbox 843 2916 936 2968; x_wconf 65' lang='lat' dir='ltr'><strong>retitur-</strong></span> 
     </span>
     <span class='ocr_line' id='line_1_28' title="bbox 66 3005 828 3086; baseline 0.003 -20"><span class='ocrx_word' id='word_1_162' title='bbox 66 3006 177 3066; x_wconf 90' lang='lat' dir='ltr'><strong>nobis.</strong></span> <span class='ocrx_word' id='word_1_163' title='bbox 220 3005 249 3068; x_wconf 96' lang='grc' dir='ltr'>Ο</span> <span class='ocrx_word' id='word_1_164' title='bbox 273 3024 369 3083; x_wconf 92' lang='lat' dir='ltr'><strong>quam</strong></span> <span class='ocrx_word' id='word_1_165' title='bbox 392 3008 472 3067; x_wconf 90' lang='lat' dir='ltr'><strong>dura</strong></span> <span class='ocrx_word' id='word_1_166' title='bbox 494 3008 631 3068; x_wconf 84' lang='lat' dir='ltr'><strong>verbera</strong></span> <span class='ocrx_word' id='word_1_167' title='bbox 659 3009 692 3068; x_wconf 97' lang='lat' dir='ltr'><strong>in</strong></span> <span class='ocrx_word' id='word_1_168' title='bbox 722 3009 828 3086; x_wconf 84' lang='lat' dir='ltr'><strong>llagel·</strong></span> 
     </span>
     <span class='ocr_line' id='line_1_29' title="bbox 66 3104 829 3182; baseline 0.001 -19"><span class='ocrx_word' id='word_1_169' title='bbox 66 3104 193 3164; x_wconf 86' lang='lat' dir='ltr'><strong>latione</strong></span> <span class='ocrx_word' id='word_1_170' title='bbox 215 3104 386 3166; x_wconf 85' lang='lat' dir='ltr'><strong>sustinuit:</strong></span> <span class='ocrx_word' id='word_1_171' title='bbox 409 3123 504 3182; x_wconf 90' lang='lat' dir='ltr'><strong>quam</strong></span> <span class='ocrx_word' id='word_1_172' title='bbox 528 3106 629 3166; x_wconf 90' lang='lat' dir='ltr'><strong>multa</strong></span> <span class='ocrx_word' id='word_1_173' title='bbox 650 3105 739 3165; x_wconf 93' lang='lat' dir='ltr'><strong>milia</strong></span> <span class='ocrx_word' id='word_1_174' title='bbox 759 3106 829 3166; x_wconf 91' lang='lat' dir='ltr'><strong>vul·</strong></span> 
     </span>
    </p>

    <p class='ocr_par' dir='ltr' id='par_1_6' title="bbox 66 3202 829 3280">
     <span class='ocr_line' id='line_1_30' title="bbox 66 3202 829 3280; baseline 0 -18"><span class='ocrx_word' id='word_1_175' title='bbox 66 3219 152 3262; x_wconf 87' lang='lat' dir='ltr'><strong>nera</strong></span> <span class='ocrx_word' id='word_1_176' title='bbox 182 3202 243 3262; x_wconf 90' lang='lat' dir='ltr'><strong>sibi</strong></span> <span class='ocrx_word' id='word_1_177' title='bbox 274 3202 397 3263; x_wconf 87' lang='lat' dir='ltr'><strong>inllicta</strong></span> <span class='ocrx_word' id='word_1_178' title='bbox 426 3202 574 3279; x_wconf 85' lang='lat' dir='ltr'><strong>fuerunt3</strong></span> <span class='ocrx_word' id='word_1_179' title='bbox 605 3220 700 3280; x_wconf 92' lang='lat' dir='ltr'><strong>quam</strong></span> <span class='ocrx_word' id='word_1_180' title='bbox 731 3220 829 3280; x_wconf 84' lang='lat' dir='ltr'><strong>saepe</strong></span> 
     </span>
    </p>

    <p class='ocr_par' dir='ltr' id='par_1_7' title="bbox 67 3301 865 3474">
     <span class='ocr_line' id='line_1_31' title="bbox 67 3301 828 3379; baseline 0.004 -20"><span class='ocrx_word' id='word_1_181' title='bbox 67 3301 104 3360; x_wconf 91' lang='lat' dir='ltr'><strong>in</strong></span> <span class='ocrx_word' id='word_1_182' title='bbox 128 3301 243 3360; x_wconf 87' lang='lat' dir='ltr'><strong>eodem</strong></span> <span class='ocrx_word' id='word_1_183' title='bbox 266 3311 386 3377; x_wconf 92' lang='lat' dir='ltr'><strong>puncto</strong></span> <span class='ocrx_word' id='word_1_184' title='bbox 409 3318 624 3377; x_wconf 89' lang='lat' dir='ltr'><strong>repercussus</strong></span> <span class='ocrx_word' id='word_1_185' title='bbox 647 3313 709 3362; x_wconf 85' lang='lat' dir='ltr'><strong>est:</strong></span> <span class='ocrx_word' id='word_1_186' title='bbox 733 3319 828 3379; x_wconf 90' lang='lat' dir='ltr'><strong>quam</strong></span> 
     </span>
     <span class='ocr_line' id='line_1_32' title="bbox 68 3397 865 3474; baseline 0.004 -17"><span class='ocrx_word' id='word_1_187' title='bbox 68 3397 254 3474; x_wconf 88' lang='lat' dir='ltr'><strong>poenaliter</strong></span> <span class='ocrx_word' id='word_1_188' title='bbox 274 3398 336 3459; x_wconf 88' lang='lat' dir='ltr'><strong>ista</strong></span> <span class='ocrx_word' id='word_1_189' title='bbox 357 3399 461 3460; x_wconf 91' lang='lat' dir='ltr'><strong>sensit</strong></span> <span class='ocrx_word' id='word_1_190' title='bbox 479 3409 510 3460; x_wconf 90' lang='lat' dir='ltr'><strong>et</strong></span> <span class='ocrx_word' id='word_1_191' title='bbox 525 3401 634 3461; x_wconf 89' lang='lat' dir='ltr'><strong>tacuit.</strong></span> <span class='ocrx_word' id='word_1_192' title='bbox 666 3401 740 3460; x_wconf 94' lang='lat' dir='ltr'><strong>Non</strong></span> <span class='ocrx_word' id='word_1_193' title='bbox 763 3418 865 3460; x_wconf 75' lang='lat' dir='ltr'><strong>maso</strong></span> 
     </span>
    </p>
   </div>
   <div class='ocr_carea' id='block_1_6' title="bbox 68 3496 827 3644">
    <p class='ocr_par' dir='ltr' id='par_1_8' title="bbox 68 3496 827 3644">
     <span class='ocr_line' id='line_1_33' title="bbox 68 3496 827 3573; baseline 0.001 -17"><span class='ocrx_word' id='word_1_194' title='bbox 68 3513 151 3556; x_wconf 92' lang='lat' dir='ltr'><strong>num</strong></span> <span class='ocrx_word' id='word_1_195' title='bbox 168 3497 329 3573; x_wconf 85' lang='lat' dir='ltr'><strong>opposuit,</strong></span> <span class='ocrx_word' id='word_1_196' title='bbox 349 3514 409 3557; x_wconf 91' lang='lat' dir='ltr'><strong>nec</strong></span> <span class='ocrx_word' id='word_1_197' title='bbox 425 3498 541 3573; x_wconf 90' lang='lat' dir='ltr'><strong>pedem</strong></span> <span class='ocrx_word' id='word_1_198' title='bbox 557 3498 609 3558; x_wconf 89' lang='lat' dir='ltr'><strong>vel</strong></span> <span class='ocrx_word' id='word_1_199' title='bbox 625 3496 711 3556; x_wconf 87' lang='lat' dir='ltr'><strong>aliud</strong></span> <span class='ocrx_word' id='word_1_200' title='bbox 728 3514 827 3557; x_wconf 91' lang='lat' dir='ltr'><strong>mem·</strong></span> 
     </span>
     <span class='ocr_line' id='line_1_34' title="bbox 430 3602 471 3644; baseline -0.024 0"><span class='ocrx_word' id='word_1_201' title='bbox 430 3602 471 3644; x_wconf 79' lang='lat' dir='ltr'><strong>aaa</strong></span> 
     </span>
    </p>
   </div>
   <div class='ocr_carea' id='block_1_7' title="bbox 0 0 1075 4190">
    <p class='ocr_par' dir='ltr' id='par_1_9' title="bbox 0 0 1075 4190">
     <span class='ocr_line' id='line_1_35' title="bbox 0 0 1075 4190; baseline 0 0"><span class='ocrx_word' id='word_1_202' title='bbox 0 0 1075 4190; x_wconf 95' lang='lat' dir='ltr'><strong> </strong></span> 
     </span>
    </p>
   </div>
  </div>
 </body>
</html>
