2128 4190
69 434 394 489 &mmm
429 437 475 490 [25]
509 439 831 492 &immiti

113 566 144 629 O
161 569 368 630 lamentabile
384 572 606 647 spectaculum
624 572 712 633 omni
728 583 832 634 trans·

69 667 163 726 eunti
187 684 246 743 per
267 666 352 728 viam
373 667 472 728 huius
487 669 572 729 vitae
595 671 634 730 ad
656 669 832 747 inspicien-

69 764 150 824 dum
182 764 264 824 foris
286 781 482 842 expansum:
511 775 543 827 et
571 767 611 826 ad
640 767 831 829 imitandum

69 862 163 922 intus
178 863 332 924 omnibus
355 863 505 924 lidelibus
523 865 556 924 in
572 866 757 942 exemplum
780 867 833 927 da·

68 969 154 1020 tum.
185 960 318 1038 Quaeso
338 962 511 1039 diligenter
525 964 690 1039 perpende
706 963 856 1041 singulas

69 1059 176 1118 verba
198 1076 235 1118 ac
256 1059 393 1119 verbera
415 1059 448 1119 in
478 1059 631 1135 passione
654 1060 834 1137 descripta:

69 1156 153 1233 quia
167 1173 225 1232 pro
241 1165 296 1216 tua
306 1158 411 1217 salute
421 1157 531 1216 omnia
541 1166 726 1233 suntgesta.
750 1158 833 1218 Nam

69 1253 250 1314 maximam
266 1254 432 1314 caritatem
449 1254 574 1316 Christi
597 1253 654 1314 tibi
670 1270 835 1315 commen·

69 1352 170 1412 dant:
194 1360 226 1410 et
246 1350 435 1427 patientiam
465 1351 499 1410 in
522 1350 609 1411 omni
626 1351 834 1413 tribulatione

70 1450 270 1512 servandam
301 1451 487 1510 ostendunt.
531 1449 727 1511 Certissime
759 1467 871 1515 con-10

70 1559 137 1610 stat
160 1549 247 1625 quod
263 1548 296 1607 in
312 1549 553 1624 comparatione
569 1549 718 1609 dolorum
734 1557 766 1608 et
781 1548 835 1608 ob-

71 1645 281 1724 probriorum
295 1646 436 1708 Christi:
452 1646 575 1706 nullius
589 1644 745 1722 ponderis
760 1653 836 1704 sunt

71 1744 245 1822 angustiae
267 1752 342 1804 tuae
364 1761 445 1821 quas
467 1744 597 1820 pateris.
634 1745 763 1803 Bonum
786 1750 836 1802 est

72 1860 153 1920 ergo
177 1842 234 1903 tibi
257 1843 310 1902 hic
333 1843 464 1903 oculum
488 1842 678 1918 frequenter
698 1840 836 1913 habere:

73 1951 107 2002 et
130 1941 165 2000 in
188 1940 339 2000 dolorosa
359 1940 513 2016 passione
529 1938 655 2001 Christi
677 1936 834 1998 solacium
847 1956 871 1996 ιε

74 2056 255 2117 quaerere:
284 2048 316 2098 et
338 2047 502 2114 tamquam
525 2037 675 2097 columba
696 2035 730 2095 in
753 2034 835 2094 fora·

74 2137 223 2199 minibus
253 2147 364 2214 petrae
395 2135 541 2195 habitare
570 2145 602 2194 et
629 2150 688 2210 pro
719 2131 835 2209 poenis

75 2239 154 2298 lesu
176 2251 319 2312 gemere.
350 2233 429 2293 Plus
451 2233 538 2293 enim
562 2231 784 2292 consolabitur
805 2241 836 2291 te

73 2337 170 2396 solus
182 2334 276 2393 lesus
288 2334 322 2393 in
334 2332 544 2393 meditatione
556 2348 634 2391 suae
645 2330 836 2390 benedictae

74 2430 259 2510 passionis:
280 2447 376 2507 quam
392 2438 480 2490 totus
495 2428 548 2488 hic
564 2429 706 2488 mundus
720 2428 754 2488 in
771 2443 873 2488 om-20

75 2529 177 2590 nibus
199 2527 379 2588 honoribus
401 2535 433 2586 et
454 2525 577 2586 divitiis
599 2525 678 2586 suis
709 2526 745 2585 In
767 2541 838 2600 pas·

75 2627 173 2688 sione
197 2625 323 2688 Christi
345 2623 496 2684 invenies
518 2624 605 2700 quod
626 2633 657 2683 te
679 2622 839 2696 aedificet,

77 2734 111 2787 et
140 2722 376 2784 conscientiam
401 2721 568 2798 purificet3
597 2720 710 2780 sedin
733 2719 839 2780 delec-

76 2823 203 2884 tatione
230 2821 469 2881 mundanorum
498 2818 609 2878 brevis
631 2828 681 2878 est
703 2816 839 2876 laetitia:

78 2929 112 2980 et
140 2918 272 2979 sordida
301 2926 447 2977 remanet
477 2915 687 2976 conscientia.
731 2914 875 2976 Omnezs

79 3017 170 3080 enim
200 3015 286 3093 quod
308 3015 348 3075 de
372 3015 442 3075 Deo
464 3031 530 3074 non
553 3025 604 3074 est
624 3013 751 3074 vanitas
773 3020 839 3071 est:

80 3125 113 3176 et
135 3113 320 3191 pronihilo
343 3112 569 3188 reputandum.
600 3111 715 3171 Passio
731 3119 839 3170 autem

80 3211 210 3275 Christi
233 3211 329 3271 vivus
350 3228 459 3271 sermo
482 3218 532 3270 est
554 3218 586 3270 et
605 3209 722 3269 efficax
744 3207 840 3268 lectio

80 3311 121 3371 ad
152 3309 379 3369 instruendum
403 3318 435 3369 et
456 3307 645 3384 igniendum
668 3316 700 3366 et
731 3304 841 3382 purili-

82 3408 242 3468 candum:
264 3415 361 3482 atque
383 3404 472 3492 omni
494 3403 600 3480 gladio
623 3402 749 3462 acutior
770 3418 878 3477 per-so

82 3505 178 3583 tingit
199 3505 360 3581 usquead
381 3503 496 3564 intima
518 3501 636 3562 cordis.
665 3500 748 3560 Nam
764 3516 841 3576 neg·

443 3607 484 3648 219
