2122 4196
205 393 245 444 m
280 389 449 432 nsotrnrro
467 389 505 431 oe
517 389 753 445 γιΝοΑῐῑΝΑτιοΝιῑ
769 389 895 439 cutustr
931 391 975 442 ἵε)

207 541 326 601 negare
355 540 420 583 non
452 523 617 583 timuistis.
661 523 695 584 Si
726 524 833 583 adhuc
856 523 975 598 plures

105 647 185 681 mino
207 620 428 696 desiderastis,
451 629 563 698 arguet
579 637 638 680 vos
662 620 743 681 fides
766 621 914 696 latronis,
940 633 974 682 et

102 702 186 788 01³¹?oe
207 718 373 778 confessio
405 717 624 778 centurionis:
656 735 796 794 quorum
826 729 972 796 uterque

100 809 189 894 ssffi‘
208 815 378 878 Christum
411 815 582 891 cognovit3
611 815 666 876 ille
696 816 730 876 in
760 833 859 876 cruce
890 834 973 893 pen-

111 916 178 948 V⁰⁰¹³
206 915 354 974 dentem:
383 913 446 972 iste
473 929 547 971 cum
577 913 720 975 clamore
753 915 973 990 expirantem,

207 1022 238 1072 et
269 1011 321 1072 ait.
365 1011 451 1071 Vere
480 1010 533 1069 hic
563 1011 661 1070 homo
692 1011 780 1072 filius
804 1012 865 1072 Dei
890 1023 972 1072 erat.

208 1110 300 1170 Falsa
322 1120 371 1169 est
394 1125 470 1184 ergo
487 1108 626 1168 obiectio
643 1118 768 1169 vestra:
791 1127 891 1186 quarn
914 1112 972 1171 ad-

207 1226 324 1269 versus
356 1207 526 1269 Christum
559 1206 680 1267 tulistis
712 1207 871 1269 dicentes
920 1207 972 1269 Tu

208 1306 248 1366 de
259 1316 290 1367 te
306 1305 377 1382 ipso
389 1304 612 1366 testimonium
624 1304 724 1365 dicis:
740 1305 972 1367 testimonium

174 1416 298 1464 rotuum
321 1420 386 1463 non
410 1414 459 1465 est
481 1419 605 1463 verum.
642 1402 807 1479 Quoniam
831 1405 970 1480 quidem

209 1500 343 1562 Christo
365 1518 430 1560 non
454 1501 572 1559 desunt
594 1509 706 1574 testes,
728 1517 789 1560 nec
812 1500 847 1560 in
862 1503 970 1562 veteri

207 1598 323 1659 necin
346 1615 431 1658 novo
453 1597 679 1657 Testamento:
705 1597 732 1657 si
757 1615 795 1657 ea
817 1599 971 1675 recipere

208 1694 345 1755 velletis
396 1694 459 1755 Sed
489 1695 564 1771 quia
593 1694 686 1754 vobis
716 1696 833 1756 caritas
864 1698 973 1773 deest,

208 1810 269 1853 nec
284 1792 411 1854 habetis
426 1793 562 1852 verbum
576 1792 636 1851 Dei
653 1793 686 1852 in
703 1793 796 1852 vobis
812 1811 970 1856 manens:

175 1901 379 1967 rspropterea
400 1890 489 1949 nulla
513 1907 572 1949 vos
595 1899 701 1965 potest
724 1891 903 1952 auctoritas
920 1893 969 1953 in-

210 1989 359 2049 sormare.

249 2085 337 2163 Quid
360 2085 439 2145 mihi
456 2093 488 2145 et
503 2084 632 2144 Iudaeis
647 2085 747 2144 istis?
778 2085 874 2162 Quae
890 2104 969 2162 pars

209 2183 315 2243 fidelis
346 2200 419 2242 curn
452 2181 603 2242 infideli?
654 2182 728 2242 Non
760 2184 834 2259 plus
862 2201 967 2260 ‘quarn

209 2281 292 2342 lucis
323 2278 497 2339 conventio
528 2279 567 2338 ad
598 2279 759 2339 tenebras.
810 2278 969 2341 Attamen

173 2380 285 2440 aodum
302 2394 414 2437 eorum
431 2377 626 2437 manifestus
642 2394 733 2436 error
744 2377 969 2439 convincitur:

206 2486 320 2537 nostra
348 2475 428 2535 fides
454 2474 487 2534 in
509 2485 541 2535 te
564 2474 704 2534 Domine
728 2475 802 2534 Iesu
825 2477 970 2552 amplius

209 2574 375 2642 solidatur.
406 2572 542 2632 Prodest
565 2572 644 2632 mihi
667 2571 765 2632 stulta
780 2589 896 2633 eorum
921 2575 969 2634 in-

209 2671 399 2747 terrogatio,
428 2670 467 2729 ad
497 2670 671 2730 cautelam:
701 2670 833 2745 prodest
862 2673 969 2732 multo

211 2769 326 2829 fortius
349 2778 403 2829 tua
424 2766 614 2828 dulcissima
637 2767 808 2842 responsio
829 2768 869 2826 ad
892 2769 968 2828 doc-

174 2866 326 2931 astrinam
350 2882 470 2926 veram.
515 2864 632 2924 Dixisti
663 2863 771 2940 itaque
795 2865 854 2924 eis.
900 2867 967 2944 Ego

211 2981 283 3025 sum
312 2966 366 3024 lux
397 2962 527 3038 mundi3
558 2961 612 3037 qui
642 2961 791 3038 sequitur
816 2978 870 3021 me
900 2981 967 3025 non

211 3063 353 3122 ambulat
375 3061 407 3121 in
430 3061 591 3122 tenebris:
620 3059 679 3119 sed
701 3059 831 3120 habebit
853 3060 967 3122 lumen

212 3160 305 3220 vitae.
350 3158 502 3218 Libenter
527 3156 623 3216 audio
654 3157 830 3232 prophetas
861 3158 903 3218 de
935 3170 967 3220 te

205 3259 397 3334 loquentes:
420 3256 478 3315 sed
498 3255 626 3315 dulcius
642 3253 722 3313 mihi
745 3253 874 3315 insonat
895 3274 967 3316 ver-

176 3357 288 3422 robum
320 3371 360 3415 ex
385 3369 441 3413 ore
463 3363 528 3414 tuo.
572 3352 711 3414 Gratum
741 3362 791 3412 est
819 3353 967 3415 testimo-

212 3454 302 3514 nium
324 3453 573 3529 prophetarum:
603 3449 661 3509 sed
689 3448 812 3526 gratius
841 3451 968 3528 accipio

576 3556 603 3596 40
