2122 4196
72 432 103 482 &l
130 432 293 476 MEDITATIO
310 433 349 474 DE
365 431 595 475 lNCARNATlONE
611 431 735 475 CHRISTI
768 433 809 484 ἴς)

73 583 207 642 maguum
222 566 413 627 hereditatis
428 566 621 644 mysterium
638 569 700 627 hoo
712 567 808 627 modo

72 663 217 724 describit.
261 663 349 741 Quia
370 664 492 724 creavit
519 665 625 741 inquit
647 663 809 724 Dominus

71 777 174 821 novum
207 780 308 839 super
342 772 478 822 terram:
515 761 637 823 iemina
671 763 809 823 circum·

72 859 143 921 dabit
162 861 278 921 virum.
322 861 411 938 Quid
434 871 499 921 tam
523 879 645 921 novum
668 861 809 921 Domine

72 957 143 1034 lesu,
157 959 240 1019 sicut
251 959 421 1035 conceptio
436 969 491 1019 tua
502 959 542 1019 de
554 958 675 1036 Spiritu
687 968 832 1034 sancto‚s

70 1057 206 1117 nativitas
234 1075 275 1118 ex
296 1057 449 1134 virgine?
493 1059 583 1118 Haec
610 1067 660 1117 est
681 1057 809 1116 novitas

70 1169 84 1210 a
110 1156 235 1214 saeculo
267 1155 429 1215 inaudita:
465 1173 548 1233 quae
579 1173 640 1215 nec
672 1155 809 1231 primam

70 1251 196 1313 similem
218 1254 289 1314 visa
311 1264 370 1330 est,
392 1272 453 1314 nec
468 1255 589 1315 habere
606 1265 810 1331 sequentem.

70 1348 94 1409 Ο
113 1368 186 1412 vere
207 1353 301 1412 beata
315 1351 460 1428 novitas;
483 1370 546 1429 qua
559 1341 660 1412 ¹vetus
676 1352 811 1428 expulsa

70 1457 112 1507 est
120 1448 286 1527 iniquitas:
303 1460 335 1510 et
349 1467 434 1510 nova
449 1450 632 1512 introducta
646 1449 810 1510 sanctitas.
823 1466 847 1505 ro

104 1546 155 1605 Eia
181 1565 267 1607 nova
295 1558 399 1608 mater
426 1549 530 1625 gaude
559 1548 680 1624 Maria3
711 1557 745 1609 tu
774 1563 810 1606 es

70 1641 227 1705 benedicta
255 1645 310 1704 illa
339 1644 477 1721 femina,
507 1647 547 1706 de
577 1664 640 1723 qua
668 1646 812 1723 loquitur

69 1738 123 1799 ista
147 1742 332 1819 prophetia:
361 1761 445 1820 quae
473 1754 505 1803 et
533 1745 632 1804 huius
658 1744 811 1805 novitatis

22 1875 23 1878 =
70 1837 249 1900 felicissimo
260 1850 353 1918 partu
368 1841 535 1901 laetificari
552 1843 711 1903 meruisti.
728 1843 810 1902 Eum

69 1953 197 2016 namque
218 1957 317 2016 quem
340 1940 448 1999 omnis
470 1950 618 2000 creatura
632 1957 697 1999 non
713 1938 812 2015 capit:
825 1957 849 1996 15

70 2044 97 2093 tu
124 2037 273 2097 omnibus
303 2038 460 2097 creaturis
483 2038 603 2098 celsior
627 2039 726 2113 lacta,
755 2038 813 2097 im·

71 2136 219 2195 maculato
248 2136 320 2195 alvo
345 2135 599 2196 circumdedisti.
644 2136 682 2195 Et
703 2152 814 2213 quarn-

70 2232 113 2291 vis
133 2235 302 2309 parvulum
332 2252 368 2294 ac
396 2234 520 2294 teneris
542 2234 690 2294 indutum
714 2250 814 2293 mem-

69 2329 128 2390 bris
154 2333 239 2392 intra
267 2331 414 2409 virginea
434 2333 562 2393 viscera
589 2333 643 2393 diu
666 2332 813 2391 clausum

22 2497 24 2502 ,
69 2430 208 2505 gestasti;
231 2439 300 2513 erat
320 2440 429 2490 tamen
445 2431 496 2490 vir
513 2430 609 2490 etiam
627 2430 719 2489 lesus
734 2443 850 2488 non-ao

69 2524 137 2587 dum
152 2539 264 2588 natus:
285 2529 343 2588 sed
358 2528 478 2588 virtute
493 2545 559 2588 non
575 2543 728 2604 corpore;
744 2545 814 2603 per-

70 2621 201 2686 fectione
228 2626 424 2702 sapientiae,
453 2643 519 2685 non
548 2625 662 2685 aetatis
691 2625 815 2685 dimen-

69 2719 166 2782 sione:
181 2723 282 2783 immo
298 2742 373 2784 mox
389 2734 424 2784 ut
439 2735 617 2800 conceptus
633 2733 683 2784 est
698 2725 815 2800 plenus

68 2821 160 2893 gratia
181 2832 213 2881 et
235 2822 381 2882 veritate.
411 2821 465 2882 Sic
486 2839 562 2898 ergo
585 2822 815 2898 intellegendo,

70 2933 212 2994 magnum
237 2920 341 2980 fuisse
363 2921 518 2997 probatur
540 2921 750 2998 mysterium:
776 2934 851 2979 ex25

69 3029 120 3074 ore
142 3017 299 3078 Ieremiae
321 3018 533 3094 praedictum.

107 3113 188 3174 Hinc
218 3125 250 3175 et
278 3115 312 3175 in
340 3117 468 3176 Botuch
496 3117 576 3177 illud
605 3117 816 3177 memorabile
839 3137 892 3168 -aa-

70 3212 286 3273 testimonium
298 3213 438 3288 ponitur.
455 3213 518 3273 Hic
529 3216 680 3275 estDeus
690 3224 816 3275 noster:
826 3189 908 3222 nucu·

71 3317 99 3366 et
118 3326 179 3371 non
203 3310 428 3371 aestimabitur
449 3311 532 3372 alius
550 3312 709 3372 adversus
731 3329 816 3372 eum.

73 3403 142 3468 Post
156 3410 236 3469 haec
260 3409 293 3468 in
315 3408 412 3468 terris
427 3408 519 3468 visus
535 3419 601 3469 est:
624 3419 744 3469 etcum
761 3411 854 3468 boso

72 3504 204 3567 minibus
234 3518 448 3567 conversatus
477 3517 536 3566 est.
578 3507 724 3566 Ezechiel
745 3501 913 3587 pro-effi.

431 3613 455 3653 19
681 3610 711 3650 2⁸
