2128 4190
80 449 404 502 mmm
441 448 485 500 [23]
519 447 840 500 2²&me

81 584 250 644 humiliter
269 583 423 643 oboedire.
461 581 551 642 Haec
567 599 662 658 agere
679 590 728 640 est
744 578 840 641 Chri·

80 692 166 742 stum
200 699 261 758 per
291 698 422 742 crucem
454 680 590 740 imitari:
621 688 654 739 et
681 677 842 738 veraciter

80 797 155 840 eum
179 795 301 839 umore.
346 779 381 838 ln
409 780 471 838 hoc
498 777 585 838 enim
609 777 764 838 Christus
789 793 841 836 co-

79 877 212 952 gnoscit
243 875 317 952 quis
348 876 387 936 ad
416 892 490 935 eum
521 874 677 950 pertinet,
707 883 739 934 et
767 874 841 950 quis

80 991 155 1034 eum
180 973 322 1049 amplius
345 973 464 1049 diligit:
493 973 520 1032 si
543 989 608 1032 non
631 973 702 1032 sola
723 971 863 1048 cogita-s

79 1071 188 1146 tione,
219 1072 280 1148 sed
305 1070 467 1130 cotidiana
496 1069 744 1130 mortificatione
769 1085 840 1145 pas-

79 1167 164 1228 sioni
190 1168 264 1229 eius
285 1185 322 1229 se
344 1169 458 1229 nititur
480 1168 694 1229 conformare.

120 1265 159 1326 Et
190 1266 231 1326 ad
257 1267 338 1326 haec
361 1265 434 1342 quis
457 1265 622 1326 idoneus?
666 1265 765 1324 Putas
793 1263 840 1324 in·

79 1363 236 1424 venietur
257 1363 375 1440 aliquis
397 1380 527 1424 crucem
551 1363 666 1423 tollere
683 1363 840 1438 paratus?

80 1461 240 1538 Magnum
270 1472 302 1523 et
330 1463 527 1539 profundum
553 1459 745 1538 mysterium
769 1477 875 1519 ver-10

79 1558 156 1619 bum
189 1559 314 1637 crucis,
343 1561 429 1637 quod
458 1577 523 1620 non
552 1559 683 1635 capiunt
708 1575 840 1634 omnes3

80 1656 183 1718 immo
213 1660 424 1735 quamplures
451 1659 628 1718 abhorrent
652 1667 683 1717 et
713 1656 840 1733 fugiunt

80 1773 233 1816 crucem:
255 1756 326 1832 ipsa
346 1767 454 1817 tamen
471 1756 559 1816 ducit
574 1755 607 1815 in
623 1755 721 1816 vitam
737 1763 840 1814 aeter-

80 1871 167 1914 nam.
201 1853 230 1915 Ο
251 1871 329 1914 vere
351 1856 444 1915 beata
459 1873 548 1930 crux,
570 1862 722 1930 quantam
738 1852 840 1911 habes

81 1950 171 2012 intus
188 1952 411 2013 dulcedinem:
434 1962 465 2012 et
487 1968 583 2028 quam
606 1967 754 2027 magnam
771 1948 839 2009 elii-
851 1967 876 2008 15

82 2051 205 2110 caciam
229 2060 374 2126 praestas
396 2059 508 2110 contra
523 2049 669 2110 omnium
684 2046 838 2107 vitiorum

81 2147 272 2224 languorem
295 2157 327 2207 et
349 2146 635 2207 cordisdolorem.
668 2143 838 2220 Olignum

80 2245 167 2306 vitae
190 2245 387 2321 pretiosum,
416 2245 588 2320 decorum,
617 2241 839 2303 salutiferum:

81 2353 113 2402 et
142 2360 244 2418 super
271 2343 381 2403 omnia
409 2343 495 2420 ligna
521 2340 661 2419 paradisi
688 2337 839 2399 benedic·

81 2449 168 2516 tum;
191 2441 416 2501 honorandum
434 2442 473 2500 ab
489 2439 624 2516 angelis,
639 2437 874 2498 adorandumao

81 2538 119 2597 ab
143 2537 355 2599 hominibus:
385 2538 598 2598 osculandum
623 2535 717 2595 labiis
741 2535 839 2594 devo·

81 2635 137 2711 tis,
160 2637 476 2714 amplexandumque
499 2634 661 2695 bracchiis
683 2631 838 2693 extensis.

83 2733 222 2810 Propter
242 2743 275 2793 te
298 2733 371 2794 iacti
394 2750 510 2794 sumus
529 2733 634 2808 liberi,
656 2741 687 2791 et
703 2730 773 2789 Deo
790 2746 839 2789 re·

83 2830 262 2891 conciliati:
284 2831 339 2908 qui
360 2848 490 2891 eramus
505 2839 620 2890 natura
642 2827 697 2888 lilii
714 2828 792 2902 irae,
807 2836 839 2886 et

82 2929 169 2988 servi
186 2928 337 2989 damnati.
370 2929 507 3004 Propter
528 2937 559 2987 te
574 2927 664 2986 venit
685 2924 874 3002 gaudiumzs

82 3024 114 3085 in
138 3024 276 3085 mundo:
299 3026 429 3086 tristitia
444 3036 477 3086 et
491 3026 598 3085 luctus
614 3025 646 3083 in
662 3022 838 3082 infernum.

83 3122 129 3183 Tu
145 3124 235 3183 salus
251 3122 464 3199 credentium,
486 3123 588 3199 gloria
606 3122 838 3198 apostolorum,

84 3221 208 3297 clipeus
223 3231 417 3298 martyrum3
433 3222 504 3281 laus
519 3219 758 3294 confessorum,
773 3218 838 3278 dia·

83 3320 176 3380 dema
191 3319 365 3396 virginum,
382 3320 528 3379 solamen
544 3318 726 3392 viduarum,
749 3317 838 3377 forti·

83 3417 159 3478 tudo
182 3434 310 3492 senum,
332 3417 505 3493 disciplina
526 3416 698 3476 iuvenum:
721 3431 873 3490 specu-so

83 3515 147 3575 lum
159 3514 403 3604 religiosorum,
421 3514 583 3591 refugium
599 3513 835 3574 tribulatorum.

441 3619 478 3660 ιω
