2114 4168
216 446 336 498 mm
363 444 537 488 ORATlONES
554 447 593 488 DE
607 448 684 490 ALIIS
700 448 827 492 satieris
854 451 980 504 [(9ᾒῇζῶ

217 580 315 640 vitam
351 579 479 639 attraxit
510 580 603 640 lesus
635 582 695 642 Dei
731 582 817 643 lilius
853 593 886 644 et
916 603 980 660 pro
1045 647 1046 666 ἢ

218 679 326 738 carnis
356 678 521 738 illecebris
549 680 745 740 caelestibus
775 691 807 740 te
837 681 980 757 replevit

219 775 478 837 charismatibus.
521 776 568 836 Tu
597 795 655 853 pro
684 795 795 838 amore
818 779 893 839 lesu
923 798 979 855 pa-

219 885 344 935 rentem
367 874 400 933 in
423 873 497 934 navi
518 892 591 934 cum
615 875 738 935 retibus
761 877 921 952 reliquisti
946 889 979 937 et

196 973 394 1033 scaelestem
427 972 556 1032 Patrem
587 990 661 1033 cum
695 974 769 1033 lesu
806 973 872 1033 lilio
904 975 979 1034 eius

220 1070 384 1131 invenisti.
425 1068 472 1129 Tu
495 1070 673 1130 Dominum
697 1070 817 1146 lesum,
839 1089 979 1148 evange-

220 1169 299 1229 lium
327 1168 417 1245 regni
440 1167 592 1227 caelestis
618 1169 859 1244 praedicantem
882 1172 978 1246 sequi
1045 1151 1046 1158 ἵ

220 1284 286 1326 non
309 1283 345 1326 es
368 1265 528 1342 fatigatus.
570 1264 617 1325 Tu
647 1265 750 1342 signis
771 1268 860 1327 illius
882 1267 980 1327 mira·
1045 1335 1046 1340 .

220 1365 328 1426 biliter
356 1381 393 1424 es
419 1363 609 1423 delectatus.
650 1362 697 1422 Tu
726 1364 883 1424 doctrinis
905 1365 979 1424 eius

188 1481 211 1522 to
222 1474 254 1524 et
282 1461 477 1523 salutaribus
507 1461 639 1521 monitis
668 1463 782 1521 crebro
812 1480 848 1522 es
877 1462 979 1522 infor·

222 1572 337 1623 matus
384 1559 430 1619 Tu
462 1559 495 1619 in
528 1559 812 1635 persecutionibus
843 1559 916 1618 eius
948 1570 980 1619 et
1045 1575 1046 1606 ³

221 1657 404 1734 obprobriis
432 1657 493 1716 sibi
523 1657 620 1717 illatis
648 1659 863 1717 vehementer
892 1675 979 1717 com·

221 1773 339 1833 passus
366 1754 465 1814 fuisti.
507 1753 555 1814 Tu
578 1772 651 1814 cum
676 1755 749 1815 lesu
776 1753 809 1813 in
833 1765 978 1815 montem
1045 1815 1046 1818 ,

221 1854 350 1914 Thabor
374 1854 412 1912 ad
434 1853 606 1913 videndam
630 1853 807 1913 claritatem
831 1852 979 1928 corporis

189 1954 294 2014 rseius
322 1951 508 2012 ascendisti.
551 1950 598 2010 Tu
624 1969 662 2011 ex
685 1951 795 2011 auditu
819 1951 979 2012 Paternae
1045 1961 1046 1964 ’

222 2052 313 2111 vocis
340 2051 373 2110 in
396 2066 534 2110 excessu
561 2049 681 2108 mentis
703 2057 813 2124 raptus
835 2066 940 2124 paene
962 2066 980 2107 a

224 2148 393 2226 magnifica
414 2147 516 2223 gioria
537 2146 696 2206 delecisti.
729 2145 792 2206 Sed
815 2155 924 2207 tamen
941 2163 980 2206 ex
1045 2143 1046 2160 ¹

224 2246 284 2304 bac
313 2244 473 2320 stupenda
505 2243 633 2303 visione
661 2243 694 2302 in
725 2242 891 2320 agnitione
923 2243 979 2302 filii

225 2344 285 2405 Dei
309 2343 446 2403 multum
469 2343 647 2419 profecisti.

188 2467 215 2508 20
265 2442 295 2503 Ο
307 2459 400 2502 sacer
410 2451 441 2501 et
451 2442 588 2502 nimium
602 2442 679 2502 lelix
689 2441 846 2516 apostole,
861 2451 981 2517 quanta

225 2541 281 2603 tibi
298 2542 338 2601 de
350 2541 425 2600 lesu
440 2551 495 2600 tuo
512 2540 604 2599 fuere
620 2540 771 2616 revelata,
787 2557 870 2617 quae
886 2557 981 2600 mens

225 2637 981 2715 humanainlimisdeditaneccaperepotestnec

225 2737 357 2798 sentire.
388 2737 499 2814 Quare
521 2746 553 2795 te
569 2752 657 2811 rogo,
680 2736 842 2796 lohannes
863 2737 982 2796 dulcis·
1045 2743 1046 2746 ’

226 2836 319 2911 sime,
335 2852 391 2895 ora
405 2852 463 2910 pro
479 2851 531 2894 me
548 2834 804 2895 ferventissime:
820 2844 981 2911 quatenus

190 2957 217 2998 25
226 2942 328 2994 totum
351 2934 529 3007 saeculum,
551 2950 625 2992 cum
648 2932 717 2992 suis
732 2932 930 2992 vanitatibus
952 2943 982 2992 et

227 3032 496 3093 delectationibus
512 3030 677 3091 universis
692 3032 817 3090 valeam
834 3047 874 3088 ex
885 3031 981 3090 corde

228 3129 373 3190 funditus
384 3131 581 3206 relinquere,
593 3139 689 3204 atque
700 3128 897 3189 salutaribus
909 3127 980 3186 lesu

227 3228 400 3303 doctrinm,
426 3229 545 3304 quibus
572 3228 750 3288 inebriatus
776 3243 830 3300 eS,
856 3243 910 3285 me
936 3226 980 3284 in-

228 3328 330 3387 terius
352 3327 504 3402 accende,
526 3337 561 3386 ut
576 3325 695 3402 spretis
710 3334 742 3384 et
757 3323 866 3383 oblitis
882 3322 981 3381 omni-

191 3427 290 3485 ³0bus
315 3424 456 3485 terrenis
482 3425 520 3484 ad
547 3432 691 3484 montem
713 3421 843 3481 virtutis
870 3429 902 3480 et
927 3437 980 3495 pu·

229 3522 325 3581 rioris
360 3522 445 3582 vitae
481 3521 707 3581 celsitudinem
744 3530 775 3579 te
810 3518 979 3579 adiuvante

586 3624 628 3666 374
