2128 4190
206 398 247 449 85,
265 396 438 448 [SERMONES
451 397 489 438 DE
500 397 567 439 vtrh
578 397 613 438 ET
624 396 775 439 Passtottss
786 395 910 448 boltlttt]
927 396 968 447 K&
1060 381 1061 384 Ἴ

207 531 263 608 qui
285 531 376 591 venit
396 531 512 591 tollere
527 539 659 606 peccata
674 529 788 590 mundi
802 547 861 606 per
875 529 966 589 varia

205 637 369 689 tormenta
393 629 571 705 corporalis
596 629 759 705 supplicii.
802 629 885 688 Ecce
908 627 965 704 qui

207 737 301 787 antea
322 727 486 802 gloriosus
507 727 632 787 effulsit
652 727 686 786 in
708 726 813 802 signis
841 735 874 785 et
899 725 966 784 vir·

206 826 329 886 tutibus
350 827 494 902 magnis3
520 843 607 886 nunc
628 826 723 884 valde
744 823 967 884 irreverenter

184 933 361 985 stractatur
381 923 590 983 illusionibus
612 922 742 982 multis:
771 931 804 981 et
824 919 966 997 percuti-

207 1032 260 1082 tur
289 1022 391 1098 virgis
420 1038 458 1080 ac
489 1020 635 1097 flagellis.
683 1019 792 1096 Quem
824 1017 966 1078 maxime

207 1121 369 1179 honorare
403 1118 569 1195 principes
604 1117 803 1191 debuerant,
839 1125 871 1175 et
905 1133 966 1191 pro

207 1234 285 1277 vero
301 1233 378 1293 rege
397 1233 434 1275 ac
450 1233 579 1275 summo
594 1215 764 1275 sacerdote
779 1212 966 1288 suscipere3
1062 1229 1063 1278 1

208 1315 270 1373 iam
292 1314 449 1374 inauditis
469 1313 652 1388 obprobriis
673 1313 907 1372 dehonestant:
932 1318 965 1369 et

173 1435 198 1476 ro
207 1427 328 1470 corona
347 1411 594 1471 crudelissimae
614 1409 801 1485 punctionis
823 1416 967 1467 tormen·

207 1517 283 1567 tant
326 1506 447 1568 Omnia
473 1508 560 1568 enim
590 1508 623 1567 in
645 1505 844 1566 contrarium
867 1513 967 1581 agunt

206 1604 372 1681 praestitis
393 1605 455 1665 sibi
473 1605 643 1665 beneficiis
659 1604 787 1664 multis:
809 1612 842 1663 et
856 1603 966 1663 acrius

207 1702 357 1763 saeviunt
386 1704 419 1763 in
448 1713 614 1764 auctorem
641 1701 791 1779 propriae
813 1718 893 1764 suae
915 1718 966 1760 sa·

207 1801 293 1861 lutis.
337 1802 420 1862 Nam
448 1818 506 1877 pro
536 1801 621 1861 rosis
645 1810 677 1860 et
698 1799 792 1888 liliis:
820 1798 967 1858 offerunt

173 1898 237 1958 rsei
266 1899 377 1975 spinas
406 1909 527 1958 acutas.
571 1899 634 1958 Pro
661 1897 801 1974 gemmis
828 1906 861 1957 et
882 1914 966 1957 mar-

206 1995 333 2073 garitis:
363 1997 439 2056 dant
460 1997 521 2056 sibi
544 1997 653 2073 alapas
675 1996 782 2055 duras.
826 1995 889 2054 Pro
912 2012 966 2055 co·

207 2110 287 2154 rona
316 2093 422 2170 regia:
454 2104 578 2154 sertum
609 2094 649 2153 de
679 2091 787 2152 iuncis
818 2091 965 2152 marinis.

208 2191 271 2251 Pro
293 2200 409 2268 torque
424 2208 538 2251 aurea:
560 2191 733 2267 colaphum
749 2189 822 2249 sine
837 2188 966 2249 miseri-

207 2289 325 2349 cordia.
358 2289 421 2349 Pro
443 2289 525 2349 stola
548 2288 699 2366 byssina:
720 2287 861 2346 albulam
885 2288 965 2348 latui

169 2405 280 2448 mcum
296 2386 483 2464 ignominia.
517 2386 579 2446 Pro
595 2402 737 2462 purpura
752 2385 855 2462 regis:
878 2387 966 2446 rubi·

207 2484 304 2546 cundi
334 2483 503 2560 sanguinis
530 2492 647 2559 guttas,
691 2483 753 2542 Pro
782 2482 889 2542 balteo
916 2500 966 2542 ar·

206 2592 337 2659 genteo:
353 2581 489 2641 linteum
506 2581 545 2640 de
560 2580 649 2641 tenui
667 2579 730 2640 filo.
755 2578 817 2639 Pro
833 2589 965 2656 sceptro

207 2680 324 2757 regali:
351 2679 544 2740 arundinem
571 2688 669 2738 vento
696 2677 856 2755 agitatam.
901 2679 965 2739 Pro

206 2794 291 2854 equo
316 2777 428 2837 habuit
455 2775 601 2836 asinum:
631 2793 688 2852 pro
718 2776 811 2836 freno
837 2776 965 2837 funicu-

169 2876 283 2936 2slum.
327 2875 390 2934 Pro
411 2872 516 2949 gladio
539 2872 679 2950 virgam:
709 2891 766 2950 pro
793 2883 887 2934 scuto
911 2874 965 2934 lla·

205 2972 336 3047 gellum.
380 2971 442 3031 Pro
474 2971 598 3046 ocreis,
628 2971 724 3033 tibias
754 2972 875 3033 nudas:
905 2989 965 3049 pro

206 3069 423 3144 chirothecis,
459 3069 589 3129 vincula
624 3069 658 3128 in
690 3070 850 3130 manibus.
900 3070 965 3131 Pro
1062 3091 1063 3152 l

206 3166 386 3226 calcaribus
408 3168 545 3228 auratis:
572 3167 683 3227 clavos
706 3167 831 3228 ferreos
853 3168 887 3228 in
910 3185 965 3243 pe-

207 3264 311 3324 dibus.
348 3264 410 3324 Pro
432 3265 552 3325 vexillo
574 3265 708 3326 bellico:
733 3283 864 3327 crucem
887 3285 964 3328 cum

169 3360 299 3426 sotitulo
328 3361 458 3438 scripto.
502 3363 565 3423 Pro
594 3363 709 3438 lorica,
740 3364 883 3424 tunicam
916 3365 965 3425 in-

206 3459 420 3520 consutilem:
450 3477 509 3535 pro
539 3460 646 3536 galea,
677 3460 846 3520 oculorum
876 3462 965 3521 vela·
1062 3513 1063 3518 ,

563 3562 604 3604 250
