2128 4190
257 454 297 505 ὦ
315 453 486 506 [SERMONES
499 454 537 496 DE
548 454 615 498 vlTn
626 455 661 500 ET
672 454 821 498 PASSIONE
833 457 959 510 DOMINI]
975 458 1010 510 K&

257 585 357 646 totius
385 587 473 648 orbis
499 599 621 650 terrae:
651 606 769 666 corpus
796 590 922 651 scilicet
951 591 1011 650 Do·

256 683 430 761 miricam,
460 686 542 746 clavi
572 687 715 762 cruenti,
742 687 858 762 spinea
885 705 1011 760 corona,

257 793 288 844 et
310 783 419 844 omnia
440 785 577 845 vulnera
597 785 748 861 pretiosa.

296 881 325 943 Ο
348 899 427 942 crux
452 899 531 943 vere
559 892 686 942 sancta:
716 899 811 958 quam
842 882 1011 960 magnifice

232 980 404 1040 smeruisti
427 998 445 1040 a
467 982 538 1041 Deo
561 981 717 1058 decorari
742 981 835 1042 ditari
857 990 891 1041 et
912 982 1012 1042 hono·

255 1078 328 1138 rari.
352 1079 434 1139 Nam
451 1079 548 1140 tantis
563 1079 659 1140 bonis
673 1097 710 1140 ac
726 1079 875 1157 reliquiis
891 1080 1011 1140 sanctis

254 1176 440 1238 adornaris:
463 1187 498 1238 ut
519 1179 607 1238 nulla
629 1195 713 1254 arca,
734 1179 824 1238 nulla
845 1180 1011 1254 apotheca,

254 1275 343 1335 nulla
371 1276 443 1334 aula
471 1275 575 1352 regia,
604 1276 693 1336 nulla
718 1276 835 1336 domus
858 1275 1011 1348 eburnea,

254 1372 343 1432 nulla
365 1371 516 1433 columna
537 1390 735 1448 marmorea,
763 1385 838 1435 tuae
865 1373 1009 1450 dignitati

220 1471 295 1530 rosit
326 1470 551 1546 comparanda.
603 1471 723 1531 Merito
755 1487 831 1546 ergo
863 1479 895 1530 et
926 1469 1010 1529 iuste

253 1578 319 1631 tota
340 1568 513 1629 devotione
535 1568 642 1628 omnis
671 1578 757 1629 terra
785 1568 898 1628 adoret
925 1577 957 1629 te
980 1577 1010 1627 et

253 1666 367 1742 psallat
395 1665 469 1726 tibi:
499 1666 660 1742 psalmum
689 1665 773 1727 dicat
802 1666 927 1726 nomini
955 1677 1008 1726 tuo

252 1764 286 1824 in
308 1765 476 1824 saeculum
506 1764 628 1824 saeculi
651 1765 691 1824 ad
713 1766 871 1824 honorem
896 1764 1008 1827 Cruci·

254 1862 317 1922 fixi.
350 1862 448 1938 Legat
470 1862 578 1939 itaque
601 1873 633 1923 et
654 1862 797 1923 rumInet
820 1862 1008 1939 frequenter

219 1980 243 2021 ιε
253 1959 359 2020 omnis
375 1959 482 2019 anima
498 1959 603 2019 fidelis
619 1960 718 2019 verba
732 1959 773 2019 de
788 1970 901 2021 sancta
911 1977 1008 2021 cruce
1049 1991 1050 2071 r

252 2057 385 2135 scripta:
401 2068 433 2118 et
449 2057 532 2118 dicat
545 2073 618 2116 curn
629 2056 723 2116 beato
736 2057 1007 2135 Paulofapostoln

252 2165 283 2215 et
305 2165 371 2216 tota
392 2164 504 2215 sancta
525 2155 674 2216 ecclesia.
718 2155 787 2215 Nos
811 2165 920 2216 autern
942 2158 1007 2234 glo·

252 2252 326 2313 riari
349 2262 476 2328 oportet
497 2253 530 2312 in
551 2270 648 2313 cruce
665 2253 796 2313 Domini
812 2254 915 2314 nostri
933 2255 1006 2315 Iesu

252 2351 395 2414 Christi:
424 2351 457 2410 in
486 2367 550 2426 quo
573 2361 623 2412 est
648 2351 736 2412 salus
758 2351 824 2411 vita
845 2361 878 2412 et
900 2369 1007 2413 resur·
1048 2363 1049 2394 t

215 2449 353 2510 arrectio
375 2459 494 2509 nostra.
526 2446 643 2508 Arnen.
1048 2395 1049 2479 I

251 2654 308 2714 DE
320 2652 575 2714 MVLTIPLICI
589 2652 762 2714 FRVC'IV
775 2653 829 2714 EX
843 2654 1006 2717 RECOR-

250 2750 447 2813 DATIONE
478 2750 735 2813 DOMINICAE
765 2750 1006 2825 PASSIONIS,

336 2847 386 2907 ET
409 2849 466 2908 DE
488 2847 791 2910 GRATITVDINE
814 2848 921 2910 EIVS.

569 2997 686 3062 [xxnn]

212 3077 524 3295 afflamine
538 3134 710 3194 Dominum
725 3134 828 3194 Iesum
845 3133 1004 3195 Christum

379 3233 509 3306 qualern
519 3232 704 3292 sustinnito
716 3233 940 3308 peccatoribus
950 3233 1004 3294 od·

248 3346 356 3390 versos
380 3336 480 3390 semet
505 3331 609 3405 ipsam
638 3331 943 3391 contradictionem:
971 3335 1005 3391 nt

248 3445 313 3489 non
333 3427 521 3504 fatigemini
541 3428 661 3488 animis
681 3428 793 3488 vestris
812 3429 1002 3505 deficientes.

249 3526 354 3585 Multa
370 3525 455 3584 bona
470 3525 596 3585 confert
611 3526 735 3586 homiui
751 3525 860 3602 passio
877 3525 1000 3588 Christi

604 3629 645 3670 204
