2114 4168
208 421 329 472 Q&
347 417 522 461 ORATIONES
539 419 577 460 DE
594 419 687 460 ΒΕΑΤΑ
701 417 829 460 VIRGlNE
849 419 975 471 QX&

209 552 336 612 animae
365 569 467 613 meae.
517 550 684 612 Advocata
711 562 765 611 tua
793 568 855 628 ego
885 569 975 626 sum,

210 651 276 710 noli
292 650 418 710 timere.
442 649 532 710 Sicut
548 658 651 708 mater
666 651 855 709 consolatur
865 649 974 708 filium

210 766 317 823 suum,
340 749 383 808 ita
404 759 436 808 et
458 765 517 825 ego
540 758 571 807 te
594 748 797 826 consolabon
826 747 901 806 Vox
917 757 975 806 tua

210 848 291 906 haec
314 857 373 921 est,
395 865 414 906 o
436 845 541 905 dulcis
558 844 671 904 Maria.
701 845 786 922 Quis
808 845 863 904 det
878 845 974 904 cordi

187 959 284 1001 smeo
307 959 378 1001 eam
401 959 532 1019 semper
553 942 692 1002 audire?
730 943 837 1020 Quam
861 942 975 1002 dulcia

212 1040 360 1100 faucibus
383 1041 466 1100 meis
488 1040 618 1116 eloquia
637 1049 700 1099 tua.
732 1040 892 1116 Loquere,
915 1041 975 1098 do·

211 1138 299 1197 mina
320 1156 409 1214 mea,
437 1139 477 1199 ad
499 1156 555 1198 cor
577 1137 664 1197 servi
687 1137 750 1211 tui,
781 1137 857 1213 quia
879 1137 975 1196 audit

211 1253 328 1296 servus
357 1247 443 1297 tuus.
486 1237 608 1297 Servus
639 1247 715 1295 tuus
744 1251 803 1311 ego
832 1252 907 1294 sum
941 1247 974 1294 et

213 1333 268 1392 lilii
291 1334 347 1394 tui.
390 1333 541 1411 Amplius
563 1334 645 1393 dico.
691 1333 799 1392 Mater
827 1349 903 1392 mea
925 1343 973 1406 tu,

178 1451 201 1491 ro
212 1440 243 1489 et
266 1431 365 1490 frater
386 1449 480 1491 meus
503 1433 606 1507 Iesus,
627 1431 713 1490 filius
734 1442 820 1492 tuus.
853 1432 974 1492 Fiden·

211 1540 261 1589 ter
283 1530 436 1590 dixerim:
465 1530 541 1606 quia
569 1547 635 1588 non
663 1539 786 1589 tantum
810 1529 882 1604 tibi,
911 1530 972 1588 sed

212 1638 244 1687 et
266 1627 322 1687 toti
345 1627 467 1687 mundo
489 1627 595 1704 ipsum
618 1627 769 1702 genuisti.
813 1627 900 1686 Nolo
924 1627 972 1686 id·
1035 1671 1036 1716 3

213 1725 300 1785 circo
323 1736 458 1786 matrem
481 1725 560 1785 mihi
583 1741 701 1784 vocare
716 1741 816 1799 super
830 1733 972 1783 terram:

215 1840 331 1883 recuso
360 1823 454 1882 aliam
484 1823 623 1895 habere,
654 1829 783 1896 praeter
809 1830 842 1880 te
864 1822 971 1880 solam

182 1922 277 1981 15Dei
299 1920 509 1998 genetricem.
551 1919 625 1978 Non
655 1929 704 1978 est
726 1917 844 1978 similis
866 1919 914 1978 tui
939 1919 973 1977 in
1035 1961 1036 1976 t

214 2019 333 2079 virtute
356 2028 387 2078 et
410 2019 537 2091 decore,
559 2017 592 2076 in
615 2015 747 2076 caritate
769 2026 801 2075 et
818 2033 974 2075 mansue-

213 2117 335 2191 tudine,
357 2116 390 2176 in
413 2116 531 2192 pietate
553 2126 585 2176 et
607 2115 789 2189 dulcedine,
811 2114 845 2174 in
869 2113 974 2174 fideli-

213 2223 277 2274 tate
296 2223 328 2273 et
343 2224 489 2273 materno
505 2214 675 2289 solamine,
697 2215 729 2273 in
745 2213 974 2273 misericordia

214 2321 245 2371 et
267 2311 532 2371 miserationibus
554 2312 675 2372 multis.
707 2311 815 2372 Hodie
836 2321 869 2370 te
885 2310 973 2385 eligo

176 2420 246 2469 anet
274 2427 417 2469 assumo.
467 2409 574 2469 Hodie
603 2427 656 2470 me
688 2410 743 2469 tibi
776 2407 974 2468 fiducialiter

212 2508 304 2567 trado
332 2517 364 2566 et
392 2507 477 2567 istud
507 2507 540 2566 in
569 2517 737 2566 aeternum
759 2515 871 2580 perte
894 2522 973 2564 con·

214 2605 335 2665 firmari
358 2604 518 2664 desidero.
557 2603 685 2663 Sufficit
707 2603 794 2663 enim
818 2603 899 2663 mihi
922 2603 972 2662 in-

215 2702 318 2777 firmo,
334 2702 360 2761 si
377 2712 483 2761 tecum
500 2702 584 2760 bene
600 2699 852 2760 confoederatus
866 2701 972 2761 fuero.

216 2801 392 2877 Propterea
413 2799 556 2859 laetabor
578 2808 610 2858 et
628 2799 821 2858 consolabor
836 2798 971 2873 copiose

177 2916 204 2955 25
214 2898 247 2956 in
259 2908 290 2957 te
304 2907 335 2957 et
346 2896 469 2956 nomini
482 2907 594 2956 sancto
606 2907 661 2956 tuo
673 2895 844 2973 magnifice
856 2896 971 2955 laudes

215 2997 406 3071 personabo.

255 3089 971 3170 OquampulchraesetamicabiliS,domina

215 3209 297 3266 mea,
318 3202 429 3251 sancta
444 3191 559 3265 Maria,
581 3190 668 3249 omni
684 3188 785 3265 gratia
799 3190 905 3264 plena.
934 3187 969 3246 Si

214 3289 289 3364 quis
304 3299 410 3365 potest
425 3288 537 3348 stellas
552 3287 632 3346 caeli
649 3303 832 3361 numerare,
851 3285 970 3362 poterit

178 3383 969 3460 soetvirtutestuasexplicare.Sicutenimexaltati

215 3493 291 3540 sunt
306 3482 385 3541 caeli
403 3499 420 3540 a
435 3493 530 3556 terra,
551 3482 599 3540 sic
619 3482 684 3541 vita
699 3493 753 3540 tua
767 3482 905 3540 exaltata
919 3490 969 3539 est

572 3587 613 3626 aaa
