2128 4190
60 431 392 484 mmm
428 433 472 484 [21]
507 431 830 486 ffifflffifflffiw

61 565 222 625 ardenter
244 564 389 624 amavit?
421 563 504 624 Ama
526 577 687 628 amantem
711 575 742 626 et
764 576 827 626 tam

61 662 176 723 valide
208 671 240 720 te
271 671 453 736 amantem;
489 671 524 722 ut
555 663 663 738 potius
695 663 830 740 eligeret

61 769 207 820 mortem
237 763 364 823 subire:
394 780 490 840 quam
519 775 552 824 te
578 765 695 840 perire.
739 764 829 824 Haec

63 857 132 918 luit
160 859 277 920 caritas
306 878 369 937 qua
398 879 494 922 nemo
517 862 673 922 maiorem
701 862 829 922 habuit:

62 967 97 1017 et
122 957 197 1016 ideo
221 958 316 1033 plene
339 976 397 1035 pro
420 959 573 1019 omnibus
595 960 763 1021 satislecit.
838 973 851 1013 ⁵

107 1055 175 1115 Sed
198 1056 275 1132 quid
299 1057 416 1132 iacies;
445 1067 478 1118 et
503 1057 580 1134 quid
604 1058 745 1118 Domino
770 1074 828 1134 pro

61 1163 175 1212 morte
190 1170 250 1212 sua
265 1155 453 1214 retribues?
475 1153 608 1231 Aliquid
623 1171 719 1231 agere
735 1171 828 1231 opor·

61 1261 128 1311 tet:
144 1252 295 1327 quamvis
308 1253 436 1328 dignam
452 1252 498 1311 illi
516 1252 762 1312 retributionem
779 1270 828 1313 re·

61 1349 192 1408 donare
214 1366 279 1408 non
302 1349 401 1409 vales.
433 1349 552 1410 Omnis
574 1350 662 1410 enim
681 1360 829 1410 creatura

62 1457 97 1507 et
122 1464 240 1507 omnes
262 1447 365 1508 sancti
388 1447 484 1524 digne
501 1449 572 1508 Deo
588 1448 753 1525 regratiari
770 1465 828 1524 pro
841 1465 865 1507 io

61 1555 174 1605 morte
190 1562 249 1604 sua
262 1561 327 1604 non
341 1543 522 1605 sufiiciunt:
539 1562 634 1621 quam
647 1545 701 1605 ille
712 1556 829 1621 sponte

61 1660 126 1718 pro
149 1652 182 1702 te
198 1642 352 1718 suscepit.
385 1641 570 1703 Recordare
585 1642 682 1719 igitur
697 1653 828 1704 sanctae

63 1740 233 1817 passionis
249 1740 331 1815 eius,
354 1750 385 1801 et
405 1757 463 1816 pro
480 1740 610 1801 modulo
626 1753 680 1801 tuo
696 1742 828 1802 studeas

63 1856 140 1899 eam
157 1837 293 1913 imitari3
313 1838 467 1914 quiahoc
484 1848 533 1899 est
549 1838 594 1898 illi
611 1856 744 1916 magnas
758 1856 828 1915 gra·

63 1937 130 1997 tias
153 1953 265 2012 agere:
289 1937 430 1998 libenter
451 1956 508 2014 pro
532 1955 570 1998 eo
591 1939 675 1998 velle
697 1939 828 1999 tribula·
839 1955 864 1996 15

63 2036 177 2095 tiones
200 2035 374 2096 sustinere.
408 2035 458 2096 Ab
482 2036 697 2096 exterioribus
719 2037 828 2113 itaque

64 2133 158 2192 curis
181 2141 325 2192 mentem
349 2133 516 2194 abstrahe:
538 2144 571 2194 et
591 2143 694 2194 totum
710 2136 828 2212 cogita-

63 2241 136 2290 tum
168 2239 260 2289 tuum
290 2230 323 2289 in
353 2230 499 2291 crucifixi
523 2232 654 2291 Domini
682 2233 727 2292 tui
751 2233 829 2293 ima·

64 2328 179 2404 ginem
202 2338 367 2388 converte.
405 2328 469 2388 Per
489 2330 572 2389 hanc
595 2329 682 2389 enim
705 2331 828 2406 poteris

63 2426 194 2486 alienas
222 2425 381 2502 imagines
409 2443 427 2485 a
448 2437 557 2487 mente
580 2427 698 2488 melius
720 2430 864 2489 exclu·2o

64 2524 164 2584 dere:
196 2540 257 2582 nec
289 2540 354 2582 non
387 2523 485 2583 huius
516 2534 647 2584 sanctae
678 2525 828 2602 imaginis

65 2620 300 2697 impressione,
320 2621 484 2698 quoslibet
499 2621 595 2682 etiam
612 2623 758 2698 corporis
774 2623 828 2684 do·

66 2719 158 2779 lores
187 2718 299 2778 mitius
328 2718 478 2778 sufferre.
522 2719 560 2779 Et
589 2720 664 2796 quia
693 2720 755 2780 iam
778 2738 828 2781 se-

66 2816 213 2876 cundum
243 2825 390 2890 tempora
420 2816 579 2876 ecclesiae
609 2816 762 2877 convenit
788 2818 827 2878 de

63 2913 224 2990 passione
248 2913 379 2973 Domini
409 2912 567 2989 cogitare:
596 2914 669 2974 ideo
694 2915 733 2974 ad
755 2930 864 2975 camos

67 3012 226 3073 exercitia
247 3022 303 3073 tua
322 3011 480 3072 intentius
496 3012 596 3072 debes
612 3010 761 3089 dirigere.
793 3013 827 3073 Si

67 3110 305 3186 praecedentes
346 3109 459 3169 ieiunii
496 3110 566 3170 dies
602 3111 827 3187 neglegentius

67 3207 285 3269 transierunt:
317 3208 431 3267 saltem
462 3224 549 3267 nunc
581 3207 613 3267 in
646 3209 706 3268 hac
735 3208 827 3285 quin·

68 3307 163 3381 dena,
185 3307 226 3366 ob
243 3305 368 3367 Christi
392 3304 578 3380 passionem
599 3322 683 3365 nova
698 3306 827 3365 devotio

69 3414 99 3465 te
123 3404 327 3465 reaccendat.
353 3403 402 3488 ¹Et
423 3403 450 3462 si
474 3402 550 3479 quid
573 3402 656 3463 bene
673 3403 779 3479 egisse
796 3413 864 3461 teau

70 3503 205 3562 recolis:
242 3501 323 3561 adde
355 3500 490 3561 meliora
525 3500 697 3575 prioribus.
751 3500 826 3560 Esto

433 3605 471 3646 175
