2144 4194
248 441 288 492 ΘΧ)
306 438 479 492 [SERMONES
491 440 530 481 DE
540 438 607 481 vm
619 437 654 480 ET
665 437 813 480 Passlone
824 437 951 491 Domini]
968 439 1008 490 [ὠ

249 583 317 634 tum
346 572 511 650 surgentis
539 589 675 633 aurorae
704 573 775 632 laus
801 572 874 632 eius
896 588 1007 648 perse·

249 680 350 731 veret.
393 669 546 747 Cumque
569 670 640 730 dies
666 670 871 730 inclaruerit:
900 670 1007 729 luceat

250 770 299 828 sol
330 769 473 830 iustitiae
502 768 557 845 qui
587 778 682 828 natus
712 779 762 829 est
790 767 823 827 in
852 766 1008 827 cordibus

250 866 395 926 omnium
426 883 462 926 se
491 867 686 928 amantium:
717 876 749 928 et
778 882 894 926 rursus
923 881 1008 925 nova

226 963 371 1024 soriatur
393 963 522 1023 devotio
545 963 578 1022 in
601 963 765 1024 mentibus
787 963 935 1024 omnium
956 980 1008 1023 ce·

249 1061 453 1121 lebrantium.
486 1060 566 1120 Dies
585 1061 806 1122 sanctificatus
822 1061 920 1121 hodie
935 1061 1008 1121 illu-

250 1158 312 1234 xit;
339 1159 500 1236 gaudeant
522 1176 637 1219 omnes
660 1158 790 1220 lideles:
817 1158 893 1235 quia
916 1159 1008 1218 Deus

250 1255 327 1316 olim
358 1255 526 1333 praedixit.
577 1256 645 1316 Fiat
676 1257 748 1316 lux:
781 1266 813 1317 et
844 1257 928 1317 lacta
959 1266 1009 1316 est

251 1354 314 1413 lux.
347 1352 470 1414 Overe
486 1354 579 1413 beata
600 1371 665 1414 nox
686 1355 756 1414 veri
779 1353 914 1414 luminis
936 1354 1008 1414 illu·

217 1460 348 1512 rostrata
383 1451 499 1527 natali,
535 1461 631 1528 atque
662 1451 818 1528 angelicis
854 1453 1010 1513 adornata

251 1548 449 1625 fulgoribus:
478 1566 617 1625 quorum
646 1550 781 1610 canticis
803 1561 835 1611 et
857 1550 1010 1610 laudibus

249 1646 436 1724 gaudiosior
455 1646 572 1707 effecta
593 1656 645 1707 est
666 1649 793 1709 cunctis
815 1666 874 1725 per
894 1649 1009 1709 orbem

252 1743 411 1805 fidelibus.
441 1743 565 1805 Overe
585 1745 773 1805 beatissima
795 1763 869 1821 nox,
891 1745 1011 1806 clarior

251 1841 403 1902 omnibus
438 1843 560 1903 saeculi
597 1843 766 1917 noctibus;
802 1862 886 1921 quae
921 1844 1010 1903 scire

217 1939 370 2002 ismeruit
391 1950 520 2017 tempus
542 1941 719 2002 ethoram:
742 1942 871 2018 quando
886 1942 928 2002 de
942 1941 1009 2001 vir·
1056 1989 1057 2006 .

250 2037 348 2115 ginali
371 2047 464 2098 utero
487 2055 641 2115 egressus
671 2048 721 2099 est
744 2039 805 2100 Dei
835 2040 923 2100 lilius
951 2057 1010 2100 no·
1056 2007 1057 2063 ¹

251 2147 338 2198 strae
354 2137 535 2213 fragilitatis
551 2154 686 2214 corpore
701 2137 845 2198 indutus.
871 2136 900 2198 Ο
916 2153 1011 2196 sacra

252 2247 284 2297 et
299 2236 420 2297 illibata
434 2235 601 2296 nativitas:
626 2252 722 2311 quam
739 2234 827 2295 dedit
841 2234 1011 2311 virgina-

252 2335 301 2394 lis
318 2333 550 2394 fecunditas.
574 2332 603 2394 Ο
619 2350 718 2410 supra
732 2343 880 2392 naturam
897 2332 1011 2392 fecun-

215 2432 352 2507 2oditas3
378 2447 475 2508 quam
500 2429 626 2490 ornavit
647 2429 794 2506 virginea
814 2429 956 2506 puritas,
979 2440 1011 2489 et

253 2548 380 2592 summa
396 2531 493 2607 elegit
513 2529 682 2589 maiestas:
705 2538 739 2588 ut
754 2529 936 2588 salvaretur
950 2528 1010 2587 hu-

254 2645 348 2688 mana
363 2627 551 2688 mortalitas.
578 2627 607 2689 0
623 2627 794 2688 benedicta
809 2635 841 2686 et
854 2624 1012 2702 gaudiosa

253 2726 420 2801 nativitas3
442 2741 526 2801 quae
547 2724 808 2785 maledictionem
828 2722 1010 2799 primorum

253 2833 422 2900 parentum
450 2832 654 2899 nostrorum,
680 2823 713 2883 in
735 2821 911 2883 caelestem
934 2837 1011 2880 con·
1053 2869 1054 2890 2

217 2920 349 2982 asvertit
377 2919 656 2981 benedictionem:
685 2929 716 2980 et
745 2935 858 2979 eorum
886 2935 1011 2979 maero-
1053 2909 1054 2944 l

254 3035 322 3078 rem
352 3017 385 3078 in
413 3018 566 3094 gaudium
596 3017 732 3077 mutavit
763 3015 1011 3093 sempiternum.

254 3115 374 3177 Merito
397 3118 477 3176 haec
500 3133 564 3176 nox
585 3115 783 3175 venerabilis
801 3124 851 3175 est
872 3123 905 3174 et
926 3131 1012 3174 ama·

253 3212 328 3274 bilis
353 3212 505 3272 omnibus
530 3213 734 3273 hominibus:
762 3212 796 3272 in
826 3229 889 3288 qua
914 3211 1010 3273 Chri·

253 3321 324 3371 stus
346 3311 436 3371 nasci
459 3311 675 3388 dignatusest
691 3326 749 3386 pro
765 3310 917 3370 omnibus
933 3309 1010 3369 libe·
1051 3383 1052 3390 ἵ

218 3408 375 3470 mrandis.
412 3409 591 3469 Benedicta
612 3408 655 3469 sit
676 3424 753 3484 ergo
775 3416 887 3468 sancta
908 3406 1010 3466 Trini·
1051 3408 1052 3489 l

255 3518 321 3568 tas:
351 3508 445 3567 cuius
467 3508 609 3568 bonitate
632 3517 663 3567 et
685 3505 840 3581 consilio,
868 3503 1010 3564 hominis
1051 3493 1052 3529 ¹

619 3612 646 3652 so
