2114 4168
279 1036 623 1119 ADNOTATIO
654 1036 908 1120 CRITICA.

254 1350 412 1412 Codicem
435 1351 488 1410 ΑΖ
513 1368 598 1411 anno
623 1353 700 1410 1900
722 1351 867 1425 Kempas
891 1349 974 1410 mihi

212 1431 350 1491 missum
373 1431 506 1506 contuli,
528 1431 623 1491 annis
648 1433 724 1490 1902
746 1440 778 1491 et
796 1433 873 1490 1903
889 1431 974 1490 Bru-

211 1511 307 1571 xellis
329 1511 461 1588 saepius
483 1512 621 1588 inspexi,
646 1514 723 1571 1909
741 1520 774 1571 et
791 1513 868 1572 1904
884 1511 973 1571 Bon-

211 1608 286 1651 nam
309 1591 446 1652 missum
469 1593 508 1652 ad
530 1592 627 1653 dubia
646 1592 804 1669 quaedam
827 1592 974 1651 tollenda

212 1681 325 1749 quarto
357 1682 389 1733 et
420 1672 533 1749 quinto
563 1673 724 1732 consului.
774 1671 849 1748 Quo
880 1681 972 1732 tanto
1046 1721 1047 1736 l

211 1753 382 1812 commodo
412 1753 475 1813 lrui
506 1763 541 1814 ut
567 1753 646 1813 mihi
676 1753 810 1828 liceret,
835 1752 973 1829 contigit
1027 1805 1029 1812 .

212 1833 363 1893 benivola
377 1850 580 1894 summorum
594 1833 850 1910 magistratuum,
865 1849 971 1908 penes

212 1930 295 1990 quos
327 1931 403 1973 cura
438 1913 655 1974 bibliothecae
691 1913 799 1990 regiae
830 1914 971 1974 Bruxel-

211 1994 314 2054 lensis
330 2003 389 2069 est,
407 1993 609 2069 liberalitate,
624 2012 682 2070 pro
698 2011 762 2071 qua
777 1994 886 2054 lacere
901 2011 969 2054 non

210 2091 346 2150 possum
369 2074 448 2151 quin
470 2074 628 2134 maximas
654 2075 703 2134 eis
723 2073 843 2152 gratias
865 2091 969 2151 agam.

251 2173 280 2230 p.
300 2158 310 2214 1
330 2157 396 2215 et2
414 2154 555 2215 indicem
575 2155 754 2231 titulorum,
775 2155 852 2216 licet
866 2155 900 2215 in
915 2155 969 2216 ΑΖ

212 2235 263 2310 sit,
287 2235 484 2295 Sommalius
507 2235 626 2297 omisit.

254 2317 300 2391 17,
323 2333 345 2373 n
368 2316 540 2376 lentsalem
562 2325 750 2376 constanter
769 2315 886 2392 scripsi
910 2334 969 2392 pro

212 2413 267 2471 eo,
296 2395 382 2473 quod
411 2413 515 2473 aeque
544 2406 732 2457 constanter
759 2396 792 2455 in
820 2396 875 2455 ΑΖ
902 2407 970 2457 est:

212 2476 371 2536 iherusalr?
399 2477 450 2536 vel
481 2473 601 2536 iherlln.
645 2476 751 2538 Cuius
780 2477 902 2537 erroris
926 2477 969 2537 si·
1046 2479 1047 2524 ἒ

212 2556 396 2633 militerque
418 2557 614 2634 scriptorum
637 2558 757 2627 illesus,
787 2557 967 2628 iheremias,
1046 2595 1047 2612 2

211 2637 424 2708 iheronimus,
456 2638 678 2708 iherosolima,
709 2637 829 2696 israhel
841 2641 848 2672 ¹
876 2638 967 2714 origo
1046 2713 1047 2716 Ἴ

211 2718 298 2777 un'de
320 2717 498 2793 repetenda
519 2717 571 2793 sit,
596 2735 669 2777 cum
691 2717 864 2793 indagasse
886 2718 966 2778 mihi

210 2797 332 2873 videar,
346 2798 400 2857 hic
416 2814 547 2857 omnem
563 2815 644 2874 rem,
659 2815 723 2874 quo
735 2807 829 2874 pacto
841 2799 967 2876 habeat,
1046 2841 1047 2878 3

210 2878 323 2954 paucis
345 2878 632 2954 comprehendam.

252 2957 300 3018 Ac
315 2958 589 3035 proficiscendum
601 2958 733 3035 quidem
749 2958 967 3021 estaGraeca
1046 2945 1047 3026 s

210 3038 353 3098 nominis
372 3037 484 3115 Ἰησοῦς
505 3038 668 3099 scribendi
691 3039 825 3099 ratione.
868 3039 965 3116 Quod

211 3136 284 3178 cum
308 3118 588 3206 saepissime—n-on
611 3119 886 3197 perscriberetur,
908 3123 963 3182 sed

210 3207 313 3267 tribus
344 3208 460 3269 litteris
493 3209 571 3270 IHC
603 3218 786 3285 notaretur,
817 3208 963 3272 Graecae
1046 3197 1047 3208 ¹

252 3403 259 3429 1
275 3400 385 3444 Similiter
395 3405 454 3456 upud
465 3403 573 3456 Walther,
590 3404 684 3446 Lexlcon
696 3405 873 3457 diplomaticum,
887 3403 962 3446 Ulmae
1046 3425 1047 3434 ¹

211 3455 276 3507 1756,
296 3468 318 3508 p.
337 3456 387 3507 169,
406 3477 426 3505 22
446 3458 536 3500 saeculo
551 3457 615 3500 111111
636 3467 728 3500 exeunte
747 3457 804 3499 illico
823 3469 865 3510 pro
883 3458 963 3500 Iericho

209 3509 318 3560 scriptum
334 3517 375 3550 est.

565 3590 605 3631 428
