2144 4194
82 430 410 483 mmmm
452 432 483 482 [5]
524 431 846 485 mmmm

82 564 224 640 gredere
256 563 364 623 locum
399 564 599 625 tabernaculi
631 565 846 626 admirabilis:

83 678 193 738 usque
205 662 245 721 ad
256 661 389 721 domum
403 661 474 721 Dei.
497 660 628 722 Accede
644 662 847 739 fiducialiter,

84 769 117 820 et
139 760 240 837 iunge
269 769 301 820 te
322 758 458 835 parvulo
480 776 598 820 recens
619 769 694 820 nato
717 760 847 821 cordi-

85 857 230 933 aliter;
252 856 416 934 quianon
439 856 557 918 abiciet
578 867 687 918 teneo
710 857 846 935 fugabit:

85 955 143 1014 sed
174 955 317 1015 libenter
344 955 506 1031 admittet,
536 964 568 1016 et
595 956 730 1033 gratiam
752 973 868 1016 suams

85 1052 142 1112 tibi
159 1052 323 1113 ostendet.
356 1054 406 1114 Ne
422 1052 539 1112 timeas
554 1071 573 1113 a
588 1053 670 1114 facie
686 1054 846 1130 vagientis

85 1150 118 1210 in
133 1150 326 1227 praesepio:
342 1150 465 1226 plangit
479 1159 534 1210 tua
548 1160 690 1227 peccata,
706 1168 771 1211 non
787 1169 846 1211 sua

84 1248 305 1308 incommoda.
327 1248 426 1309 Venit
438 1248 525 1308 enim
542 1257 574 1308 te
589 1265 764 1325 quaerere:
780 1265 845 1308 non

85 1347 235 1422 perdere.
272 1346 370 1407 Venit
391 1355 424 1406 te
444 1346 587 1406 salvare:
609 1362 675 1406 non
691 1345 845 1406 iudicare.

85 1444 185 1504 Venit
208 1453 241 1504 te
256 1444 400 1505 solvere:
423 1461 488 1504 non
504 1444 614 1521 ligare.
644 1443 743 1504 Venit
762 1443 845 1504 mala
857 1465 881 1505 ro

84 1541 167 1618 pati:
183 1557 251 1600 non
266 1540 420 1618 irrogare.
447 1541 548 1618 Cupit
562 1551 594 1602 te
610 1541 763 1602 liberare:
779 1559 844 1601 non

84 1640 301 1699 incarcerare.
351 1639 439 1716 Quid
467 1640 610 1716 trepidas
639 1642 678 1700 ad
709 1657 845 1717 pauper·

86 1738 197 1798 culum
222 1736 387 1813 puerum?
423 1737 515 1796 Deus
537 1747 587 1797 est
608 1736 734 1812 inquis:
757 1737 844 1796 etin

86 1853 185 1896 manu
210 1835 283 1895 eius
304 1843 449 1911 potestas
464 1844 497 1895 et
511 1834 696 1911 imperium.
720 1835 843 1895 Verum

86 1943 145 1994 est.
176 1933 243 1994 Sed
265 1950 331 1993 non
354 1934 450 1993 modo
465 1932 555 1992 venit
570 1941 606 1992 ut
627 1931 764 1992 iudicet:
786 1932 880 1995 Sed15

87 2042 121 2093 ut
146 2040 281 2109 peccata
309 2031 457 2092 dimittat.
501 2030 687 2090 Praetendit
718 2029 844 2090 miseri·

87 2128 249 2188 cordiam:
265 2127 631 2205 suspenditvindictam.
655 2127 762 2189 Offert
776 2145 845 2204 gra-

85 2225 180 2286 tiam:
197 2225 307 2285 differt
322 2226 413 2285 iram.
443 2225 597 2287 Ostendit
611 2242 771 2286 amorem:
792 2242 845 2284 ex-

86 2324 188 2384 cludit
203 2323 366 2384 timorem.
388 2322 548 2400 Appetit
570 2323 690 2400 magis
712 2323 844 2384 amari:

85 2438 204 2497 quam
227 2419 378 2481 timeri.
402 2420 462 2480 Dic
478 2438 565 2498 ergo.
588 2421 736 2482 Salvator
750 2437 880 2484 meusao
942 2417 944 2421 ’

85 2528 117 2579 et
133 2519 336 2595 Redemptor
357 2535 451 2579 meus
467 2528 572 2579 estu:
596 2518 737 2578 Domine
753 2520 845 2579 Deus

83 2633 181 2677 meus
203 2617 288 2676 bene
310 2615 470 2676 advenisti
494 2617 601 2677 hodie.
631 2615 845 2677 Odesidera·

84 2715 160 2775 bilis
176 2724 210 2776 et
225 2701 324 2774 nimis
339 2713 488 2774 amabilis
503 2731 601 2790 puer3
616 2714 752 2774 ostende
763 2713 843 2774 mibi

85 2811 347 2873 misericordiam
357 2821 463 2871 tuam:
479 2811 533 2888 qui
550 2811 694 2871 nondum
705 2811 845 2871 idoneus

85 2927 159 2970 sum
182 2909 296 2969 videre
318 2907 453 2985 gloriam
476 2919 574 2969 tuam.
607 2908 740 2984 Porrige
763 2908 880 2972 mihizs

85 3009 253 3068 dexteram
275 3016 381 3066 tuam:
402 3006 458 3083 qui
480 3023 546 3067 non
562 3006 692 3066 sufficio
714 3015 843 3082 portare

85 3104 244 3166 iustitiam
266 3115 364 3165 tuam.
395 3104 532 3181 Propter
547 3104 741 3164 immensam
764 3103 843 3163 cari-

85 3212 184 3264 tatem
221 3212 329 3278 tuam,
365 3203 437 3262 dele
472 3219 603 3263 omnem
639 3201 842 3278 iniquitatem

88 3316 204 3361 meam.
239 3300 392 3360 Infirmus
413 3317 486 3360 sum
509 3310 541 3360 ct
562 3301 744 3375 ulcerosus
765 3317 845 3360 sana
946 3309 948 3312 ’

89 3400 228 3460 animam
258 3414 374 3458 meam.
418 3397 548 3459 Caecus
570 3416 643 3458 sum
666 3408 698 3458 et
719 3398 880 3474 nudus3m

90 3496 236 3558 illumina
256 3497 409 3558 tenebras
431 3513 535 3558 meas:
557 3506 589 3558 et
611 3515 691 3558 orna
712 3513 765 3556 mc
780 3495 843 3555 vir-

452 3603 479 3644 ao
