2114 4168
383 423 549 478 Epllegomena.

81 555 250 616 indicasse
271 555 397 632 aliqua,
419 572 502 632 quae
523 557 576 616 vel
599 556 632 616 in
655 556 844 618 recentiori-

81 636 147 695 bus
170 635 370 697 editionibus
384 635 548 697 interdum
564 637 773 713 pessumdata
795 654 843 697 re·

81 715 263 792 pariantur.
295 716 378 777 Sunt
399 726 507 777 autem
523 717 663 778 maxime
685 734 843 778 memora-

82 795 163 857 bilia
184 798 283 857 haec:

124 878 256 949 anulus,
278 881 395 948 artare,
416 881 507 936 amus
523 877 755 953 (adiectivum),
776 879 844 938 hai-

82 962 172 1028 teus,
201 958 337 1029 bucina,
366 957 502 1028 caritas,
524 974 634 1028 carus,
661 959 843 1029 consilium,

82 1038 281 1108 cotidianus,
310 1038 437 1108 cotidie,
459 1053 531 1098 cum
552 1038 775 1114 (coniunctio),
798 1040 843 1098 lo·

81 1123 179 1178 cutus
200 1129 233 1178 et
254 1123 381 1178 secutus
394 1118 482 1192 (cum
504 1118 695 1195 compositis
713 1129 745 1179 et
760 1119 843 1179 deri-

81 1198 192 1273 vatis),
206 1198 375 1269 solacium,
395 1197 554 1259 iohannes
568 1208 764 1274 constanter,
779 1201 843 1259 cal-

81 1279 292 1350 ciamentum,
321 1278 496 1339 cerimonia
508 1283 531 1349 ¹,
554 1279 694 1350 inclitus,
716 1280 842 1350 limbus,

82 1359 236 1435 lacrima,
258 1360 419 1430 benivole,
448 1359 630 1430 benivolus,
660 1361 842 1431 malivolus,

83 1439 303 1515 tegimentum,
315 1440 506 1515 paraclitus,
519 1440 666 1515 prodisti,
677 1441 843 1514 quaesisti,

82 1520 187 1580 verba
196 1520 377 1596 composita
387 1520 528 1579 iaciendi
536 1535 546 1578 :
560 1521 693 1591 abicere,
708 1521 843 1591 adicere,

81 1601 224 1671 deicere,
244 1601 401 1670 subicere,
424 1600 526 1670 milia,
549 1601 647 1671 mille,
666 1601 842 1676 paulisper,

79 1681 220 1756 pilleus,
242 1681 428 1751 sollicitare,
449 1681 651 1751 sollicitudo,
672 1681 842 1752 sollicitus,

81 1761 241 1832 sollicite,
270 1766 454 1836 tamquam,
484 1776 651 1835 umquam,
679 1762 841 1836 quociens,

83 1841 352 1917 quocienscuque,
374 1841 505 1911 tociens,
523 1842 722 1912 multociens,
745 1847 842 1916 temp-

83 1927 156 1982 tare
169 1939 244 1982 cum
261 1921 426 1997 derivatis,
448 1922 580 1996 repperi,
603 1922 737 1997 reppuli,
759 1922 842 1982 litte-

82 2018 138 2062 ras
159 2003 222 2078 (66,
245 2003 278 2079 ι),
299 2007 461 2077 quattuor.

342 2187 368 2248 b)
387 2187 463 2236 Falso
481 2187 584 2249 scripta.

123 2304 262 2363 scohabo
287 2307 352 2380 104,
376 2321 416 2380 is;
438 2304 596 2364 accidiam
617 2306 687 2378 298,
711 2321 750 2379 163
772 2304 841 2363 bra-

81 2384 203 2455 chium,
225 2386 296 2456 ach,
315 2385 425 2459 proch,
448 2385 555 2455 michi,
577 2384 688 2455 nichil,
717 2383 841 2454 nichili,

81 2464 187 2540 cypho
207 2468 277 2539 251,
298 2483 327 2541 ⁴3
349 2466 379 2526 ci
393 2475 467 2525 ante
489 2465 635 2524 vocalem
654 2474 841 2524 constanter

82 2545 182 2605 modo
204 2554 303 2620 recte,
325 2546 422 2605 modo
445 2545 526 2605 falso
542 2562 600 2622 pro
619 2545 654 2615 ti,
676 2544 776 2604 veluti
792 2560 841 2605 so·

82 2625 210 2696 iactari,
224 2625 393 2696 solacium,
416 2626 532 2696 arcius,
552 2626 664 2695 eciam,
687 2625 841 2686 nunciare

81 2706 171 2782 (cum
207 2705 429 2782 compositis),
461 2707 627 2780 preciosus
635 2721 647 2776 ,·
683 2721 840 2766 reamares

86 2788 153 2861 174,
166 2804 211 2862 so;
232 2787 407 2846 redditibus
428 2789 493 2862 160,
506 2803 550 2862 263
573 2785 713 2845 redditus
731 2788 796 2861 162,
810 2805 841 2863 ³3

82 2883 100 2926 e
122 2866 220 2927 etiam
249 2885 308 2943 pro
330 2883 370 2926 ae
393 2875 425 2926 et
446 2882 484 2926 oe
512 2875 699 2927 constanter
727 2867 840 2927 scribi-

82 2957 146 3021 tur,
168 2947 285 3007 veluti:
315 2947 449 3018 celestis,
471 2947 598 3018 celicus,
623 2948 736 3018 celum,
758 2948 843 3022 cepit

82 3028 155 3103 (pro
170 3027 296 3102 coepit),
318 3027 453 3098 obedire,
470 3028 660 3098 obediencie,
679 3043 840 3100 merorem,

84 3108 276 3167 merencium
295 3108 367 3185 (pro
383 3108 615 3184 maerentium),
633 3124 730 3183 pena,
748 3110 840 3183 peni-

83 3189 839 3266 tere,penitencie,seculum;elemosinas257‚2o;

124 3410 133 3437 1
148 3407 190 3450 Vix
197 3421 255 3460 opus
266 3410 307 3450 erit
317 3409 436 3451 admonere
447 3411 565 3451 cerimonia
573 3417 593 3450 et
601 3409 839 3504 quociensslmiliatkue

82 3476 128 3505 non
144 3470 236 3516 propter
255 3461 325 3504 falsas
344 3472 407 3505 aaut
421 3475 446 3514 c,
465 3465 505 3506 sed
520 3470 612 3517 propter
631 3471 702 3505 rectas
718 3463 725 3504 i
739 3471 760 3505 et
775 3475 788 3504 n
820 3465 839 3504 ic

82 3517 185 3559 adnotata
200 3529 260 3558 esse.

442 3597 479 3638 411
