2122 4196
79 461 118 512 m
153 461 320 504 neolrnTto
337 463 376 503 DE
392 462 622 504 INCARNATIONE
637 461 762 505 CHRISTI
794 463 834 515 ζῶ

84 595 252 656 confessor
275 595 442 672 veritatis3
464 596 541 674 quid
564 597 682 657 sentiat
704 607 736 658 et
757 614 834 673 qua-

85 692 157 752 liter
177 693 210 753 in
232 705 264 755 te
286 694 374 755 credi
398 705 558 770 oporteat:
581 694 770 771 suppressis
785 712 834 754 er-

86 790 221 850 rantium
252 791 461 868 opinionibus
490 793 594 868 palam
624 793 737 853 edicat.
787 792 834 852 Tu

87 904 120 947 es
134 889 238 966 inquit
253 890 410 951 Christus
425 890 512 950 lilius
528 890 589 950 Dei
605 891 681 950 vivi.
711 889 740 951 Ο
757 908 834 950 vere

87 988 259 1061 apostolica
281 988 464 1064 confessio,
493 1006 588 1066 quam
612 1006 686 1049 caro
709 1000 741 1048 et
763 1004 857 1049 san-5

86 1082 154 1157 guis
175 1102 240 1145 non
270 1085 396 1145 docuit:
425 1086 484 1146 sed
506 1087 657 1147 caelestis
680 1087 835 1146 revelatio

87 1179 148 1240 lilio
163 1182 334 1243 columbae
349 1184 528 1260 inspiravit.
559 1185 701 1262 ideoque
721 1187 762 1244 ob
785 1184 836 1244 lir-

87 1279 225 1340 mitatem
256 1280 330 1341 lidei
360 1300 439 1342 suae
467 1282 586 1342 meruit
614 1293 646 1342 et
676 1283 793 1342 Petrus
819 1300 837 1341 a

87 1389 172 1451 petra
206 1378 285 1438 dici:
322 1379 397 1455 quia
430 1380 486 1438 tibi
518 1390 681 1456 tamquam
713 1379 836 1438 solidae

87 1483 192 1548 petrae
213 1477 367 1536 omnibus
389 1477 512 1537 relictis
534 1477 689 1537 adhaesit.
722 1476 755 1537 Si
779 1477 836 1537 mi·
848 1496 872 1536 ιο

87 1582 168 1633 ratur
196 1573 271 1649 quis
300 1573 413 1634 rudem
443 1575 638 1650 piscatorem
668 1575 836 1652 apostolici

88 1671 204 1730 ordinis
242 1671 362 1732 factum
399 1673 596 1748 principem:
635 1673 771 1733 miretur
806 1685 837 1733 et

88 1767 222 1845 Moysen
248 1769 364 1829 ducem
390 1771 499 1845 populi
526 1787 562 1829 ac
588 1771 692 1830 David
717 1787 837 1847 regem,

87 1866 171 1940 prius
202 1867 376 1944 aliquando
405 1876 553 1942 pastores
584 1868 693 1927 ovium
724 1868 836 1928 luisse.

89 1962 148 2040 Qui
164 1982 241 2041 ergo
258 1964 400 2042 Moysen
415 1965 449 2024 in
464 1967 665 2041 prophetam,
685 1975 717 2024 et
733 1966 836 2025 David
849 1988 873 2027 ιε

89 2061 124 2121 de
158 2073 231 2138 post
266 2063 406 2123 fetantes
439 2062 608 2123 suscitavit
643 2062 677 2122 in
713 2080 837 2140 regem:

88 2159 152 2235 ipse
181 2161 329 2236 prolecto
358 2161 487 2221 beatum
512 2161 644 2220 Petrum
674 2161 836 2237 quondam

88 2257 276 2331 piscatorem
306 2256 405 2316 totius
432 2258 592 2317 ecclesiae
621 2259 783 2334 promovit
804 2259 837 2318 in

88 2355 273 2434 principem.

125 2452 282 2513 Procedat
304 2453 367 2512 iam
384 2453 505 2512 Paulus
519 2453 673 2530 magister
691 2453 836 2530 gentium
849 2483 951 2515 mvnvs.

89 2561 117 2612 et
136 2554 248 2612 doctor
270 2550 369 2624 orbis
391 2567 448 2610 vas
471 2550 651 2625 electionis,
674 2561 705 2611 et
727 2552 837 2610 lumen

90 2649 243 2710 ecclesiae
266 2647 479 2707 universalis:
501 2648 540 2708 ad
556 2649 697 2708 dandum
715 2649 772 2708 tibi
793 2659 837 2708 te-

90 2746 282 2807 stimonium.
326 2746 388 2806 Vbi
417 2747 522 2822 inquit
551 2747 640 2806 venit
671 2747 837 2822 plenitudo

91 2844 239 2920 temporis
261 2843 350 2904 misit
366 2844 457 2903 Deus
480 2843 581 2903 lilium
598 2862 693 2904 suum
717 2845 836 2904 lactum

92 2958 126 3001 ex
146 2942 284 3002 muliere
307 2942 426 3002 factum
450 2943 511 3001 sub
534 2942 622 3018 lege;
647 2954 681 3002 ut
703 2959 760 3003 eos
783 2943 874 3018 qui25

91 3042 145 3100 sub
166 3042 238 3117 lege
260 3051 352 3102 erant
367 3040 559 3100 redimeret:
582 3049 616 3100 ut
631 3041 837 3116 adoptionem

79 3137 223 3198 liliorum
240 3139 472 3214 reciperemus,
510 3137 572 3197 Hic
588 3149 639 3198 est
652 3139 707 3198 ille
722 3138 839 3214 glorio-

92 3236 236 3296 sissimus
253 3236 390 3295 Paulus:
414 3236 465 3295 cui
488 3237 528 3295 de
551 3237 641 3295 caelo
659 3236 787 3295 locutus
802 3253 838 3294 es

93 3349 145 3410 ego
166 3351 238 3393 sum
263 3334 356 3393 Iesus
379 3333 569 3393 Nazarenus
591 3350 688 3410 quem
711 3344 745 3392 tu
768 3350 838 3409 per·

94 3431 245 3507 sequeris.
289 3430 386 3490 Hunc
413 3431 452 3490 de
482 3440 693 3507 persecutore
714 3430 875 3505 praedi-30

95 3541 239 3603 catonem,
261 3527 301 3587 de
318 3528 493 3588 Pharisaeo
509 3529 691 3604 apostolum
716 3528 838 3601 lecisti3

449 3635 476 3674 as
702 3633 731 3674 s*
