2128 4190
73 431 394 484 eraseroserusero
430 431 476 483 [2⁷1
509 397 831 482 mammosam

74 565 218 642 perfecte
250 563 364 624 imitati
396 573 489 623 sunt:
525 574 557 624 et
592 564 673 624 alios
709 564 830 623 multos

74 664 173 723 verbo
189 673 221 722 et
232 663 382 738 exemplo
393 662 432 721 ad
443 663 527 722 bene
538 661 715 721 vivendum
726 671 829 721 traxe·

71 771 156 820 runt.
188 760 254 838 Qui
271 770 379 819 autem
394 776 503 819 ramos
518 760 558 820 de
574 761 743 820 arboribus
759 777 829 820 cae-

72 859 163 933 dunt,
186 868 332 918 rectores
354 866 430 916 sunt
452 857 665 917 ecclesiarum
689 868 721 918 et
740 875 830 933 prae·

72 957 235 1016 dicatores
253 954 343 1014 verbi
361 955 422 1014 Dei
446 971 503 1030 per
525 956 637 1015 orbem
654 965 852 1031 terrarum35

71 1054 126 1130 qui
157 1054 198 1113 de
228 1051 319 1112 libris
348 1052 471 1112 sanctis
492 1062 524 1112 et
545 1053 734 1113 tractatibus
756 1055 829 1114 doc-

70 1161 179 1210 torum
203 1150 357 1226 pulchras
379 1160 411 1210 et
432 1150 530 1210 utiles
550 1151 730 1212 sententias
751 1161 830 1211 tam·

70 1265 170 1325 quarn
192 1248 291 1307 flores
307 1257 338 1307 et
355 1248 487 1307 frondes
502 1248 653 1308 arborum
670 1250 830 1309 studendo

70 1346 246 1422 colligunt:
278 1362 359 1421 quas
390 1346 597 1421 postmodum
629 1347 661 1406 in
691 1347 831 1407 ecclesia

70 1443 291 1519 praedicando
322 1459 431 1502 coram
460 1445 580 1519 populo
610 1444 749 1505 fideliter
777 1461 866 1505 ex·ro

13 1599 14 1608 ,
69 1551 208 1618 ponunt.
252 1540 290 1600 Et
317 1556 360 1599 ne
388 1539 508 1599 infirmi
536 1558 595 1601 seu
622 1542 720 1601 rudes
742 1543 830 1603 audi·

70 1649 162 1699 tores
198 1638 231 1696 in
273 1637 326 1696 via
360 1637 462 1713 pedes
497 1655 576 1696 suos
611 1639 651 1698 ad
689 1640 829 1715 lapidem

71 1735 217 1794 scandali
247 1745 379 1811 propter
408 1735 558 1796 duritiam
581 1748 828 1814 praeceptorum

71 1832 256 1892 offendant:
279 1833 400 1892 idcirco
423 1833 462 1892 ad
482 1834 752 1909 complanandum
768 1837 830 1896 iter

71 1930 159 1990 vitae
175 1930 337 2005 caelestis,
351 1931 427 1990 boni
444 1932 594 1992 doctores
610 1934 710 1993 multa
721 1951 828 1994 exem·
841 1952 865 1994 rs

71 2029 125 2104 pla
155 2038 340 2088 sanctorum
370 2030 462 2105 quasi
494 2030 592 2090 flores
620 2047 767 2090 rosarum
798 2041 829 2090 et

70 2125 140 2185 lilia
175 2126 371 2186 convallium
407 2128 593 2203 proferunt3
627 2145 715 2188 nunc
746 2146 828 2188 mar·

69 2233 181 2300 tyrum
210 2223 414 2300 patientiam,
441 2241 528 2284 nunc
550 2225 678 2285 labores
700 2227 827 2286 confes-

70 2336 201 2380 sorum:
230 2338 317 2380 nunc
346 2320 508 2397 virginum
537 2321 724 2398 pudicitiam
752 2323 827 2382 alle-

69 2427 195 2493 gantes.
234 2417 299 2495 Qui
322 2435 401 2478 vero
423 2418 618 2479 vestimenta
640 2437 699 2478 sua
720 2420 753 2479 in
775 2421 864 2479 viaoo

68 2524 298 2591 prostemunt3
320 2525 397 2575 sunt
418 2516 494 2575 boni
518 2516 761 2592 dispensatores
779 2535 828 2577 re·
876 2541 877 2544 ¹

68 2628 143 2670 rum
166 2613 392 2688 temporalium
409 2614 463 2690 qui
480 2631 641 2691 pauperes
656 2625 688 2675 et
703 2616 826 2675 mendi-

69 2718 184 2769 cantes
206 2710 277 2768 cibo
300 2727 337 2769 ac
360 2721 435 2786 potu
459 2711 624 2772 reficiunt:
656 2729 698 2772 ne
720 2713 753 2772 in
775 2713 828 2772 via

68 2815 203 2881 propter
222 2807 350 2866 labores
373 2808 555 2868 cotidianos
576 2809 737 2870 deficiunt.
770 2810 825 2870 Isti

68 2919 147 2979 ergo
170 2904 210 2963 de
232 2904 284 2963 his
306 2921 389 2981 quae
412 2906 472 2965 sibi
495 2907 700 2983 superfluunt
715 2918 746 2969 et
761 2918 862 2968 tarnzs

68 3002 109 3061 de
138 3002 286 3061 vestibus
316 3020 412 3080 quum
442 3006 482 3065 de
509 3005 618 3065 bursis
640 3006 826 3065 necessaria

69 3099 178 3175 aliqua
200 3102 389 3161 extrahunt:
411 3119 494 3179 quae
516 3104 614 3163 nudis
634 3113 666 3163 et
681 3103 826 3180 indigen·

68 3196 156 3256 tibus
185 3197 441 3260 misericorditer
469 3201 631 3277 tribuunt3
664 3212 827 3277 quatenus

67 3292 127 3369 pe'r
142 3294 371 3373 eleemosynas
386 3308 534 3358 terrenas
549 3315 607 3374 pro
620 3299 755 3360 Christo
771 3300 825 3358 ob·

69 3392 166 3450 latas:
195 3401 345 3454 aeternas
373 3396 544 3455 mercedes
573 3397 605 3456 in
635 3414 734 3474 regno
763 3397 861 3456 Deiso

70 3490 229 3566 recipiant
243 3501 316 3566 post
331 3508 502 3568 corporum
519 3495 713 3569 sepulturas.
745 3494 767 3552 F
771 3511 825 3552 ue·

99 3596 213 3637 Thomoeo
222 3595 249 3639 K.
259 3594 343 3649 Opera.
355 3595 395 3639 111.
428 3597 468 3638 257
694 3598 717 3639 17
