2118 4186
68 473 395 528 mmmm
431 475 476 528 [³⁰]
510 475 831 528 Wlfflin

70 609 182 670 votius
226 609 506 685 constringerent:
551 617 583 669 et
626 609 831 670 reverentius

69 709 255 768 adorarent.
298 708 447 768 Sciebam
478 717 608 782 tempus
637 715 668 766 et
699 707 830 766 modum

70 805 263 865 consolandi
300 805 429 866 tristes:
465 814 497 864 et
527 813 683 880 quantum
715 819 831 879 capere

71 913 209 980 possent
244 903 428 962 mortalium
461 913 598 962 mentes.
649 901 723 963 Non
754 918 831 977 ergo

70 1001 208 1076 despexi
238 1009 313 1060 vota
341 1000 486 1076 piorum,
517 1016 578 1060 nec
608 1000 757 1060 recusavi
788 1000 854 1060 la·5

70 1100 185 1160 borem
218 1100 433 1176 afflictorum3
469 1101 527 1160 sed
558 1097 691 1175 probavi
724 1097 832 1173 fidem,

70 1197 213 1258 instruxi
236 1197 466 1274 ignorantiam,
494 1196 673 1257 coniortavi
701 1195 831 1271 pusilla·

70 1294 271 1355 nimitatem:
301 1295 434 1354 accendi
457 1311 619 1369 amorem,
646 1293 771 1370 reppuli
795 1292 831 1352 ti·

71 1409 209 1452 morem.
240 1393 340 1468 Igitur
356 1393 474 1468 flendo,
493 1394 626 1467 orando,
645 1391 831 1468 quaerendo

71 1492 251 1566 pulsando,
279 1492 537 1568 perseverando:
567 1500 758 1550 meruerunt
786 1489 868 1550 vi·1o

71 1589 153 1647 dere
167 1605 265 1664 quem
288 1589 524 1650 desiderabant.
557 1590 595 1650 Et
617 1607 676 1666 ego
699 1589 831 1664 implevi

72 1686 211 1745 verbum
228 1704 337 1746 meum
349 1689 435 1762 quod
448 1687 608 1763 praedixi3
624 1687 699 1763 quia
714 1687 831 1756 iterum

71 1783 192 1843 videbo
215 1801 284 1859 vos,
306 1797 338 1845 et
358 1785 510 1861 gaudebit
532 1803 588 1845 cor
609 1795 771 1845 vestrum:
801 1794 831 1844 et

72 1882 227 1958 gaudium
257 1893 403 1942 vestrum
435 1900 532 1943 nemo
561 1883 653 1943 tollet
682 1901 700 1942 a
729 1883 831 1942 vobis.

72 1979 121 2040 Tu
151 1997 229 2056 ergo
258 1982 338 2040 haec
368 1980 529 2040 audiendo
559 1997 714 2056 praepara
739 1991 770 2040 te
792 1980 831 2039 ad
843 2003 867 2043 15

73 2078 259 2139 devotionis
300 2079 454 2155 gratiam;
497 2088 632 2154 expecta
673 2077 832 2153 patienter

73 2177 179 2236 donec
211 2175 359 2250 veniam,
394 2186 426 2236 et
461 2177 578 2236 iterum
610 2175 739 2236 visitem
776 2192 832 2235 cor

72 2285 177 2348 tuum,
199 2274 238 2332 ab
260 2273 348 2333 omni
371 2274 519 2334 molestia
541 2283 572 2333 te
594 2273 777 2333 liberando:
800 2282 832 2333 et

72 2374 105 2432 in
129 2389 235 2432 novae
257 2373 560 2433 exultationis
587 2383 737 2434 statum
760 2390 831 2449 per·

72 2473 234 2532 ducendo.
262 2471 354 2532 Tunc
369 2471 491 2547 poteris
511 2472 668 2532 laetanter
681 2471 867 2547 psallere,ao

72 2583 104 2631 et
141 2569 441 2645 experimentaliter
476 2587 693 2646 cognoscere:
734 2586 830 2645 quam

72 2685 174 2728 verus
200 2679 232 2728 et
253 2667 416 2728 iucundus
438 2668 480 2727 sit
501 2663 753 2741 introitus'iste,
782 2684 831 2727 re·

71 2766 202 2826 surrexi
227 2776 258 2826 et
279 2766 384 2826 adhuc
406 2776 514 2826 tecum
538 2782 610 2824 sum
634 2764 772 2824 alleluia.

183 2969 240 3028 DE
266 2968 440 3030 Gnvnlo
466 2967 724 3031 DOMINICAE

260 3067 650 3129 RESVRRECTIONIS.
840 3081 867 3121 25

409 3217 495 3280 [xxx]

74 3297 263 3516 ΗΜ
276 3355 344 3414 dies
359 3355 548 3431 quemfecit
561 3354 730 3414 Dominus:
746 3353 831 3412 exul·

212 3457 313 3512 tentus
334 3456 365 3512 et
379 3453 536 3511 laetemur
548 3451 582 3510 in
597 3468 644 3510 ea.
674 3450 829 3527 Magnum

76 3550 207 3628 quidem
236 3551 389 3626 gaudium
418 3550 603 3625 spirituale,
629 3549 831 3610 administrat

434 3654 475 3698 277
