2118 4186
215 403 296 454 &m
332 401 507 445 ORATIONES
523 402 562 444 DE
577 401 725 444 PASSIONF.
742 400 855 444 DOMINI
893 401 976 452 Q

217 535 825 612 ceptatuairreverenteretinsensate.
836 535 975 610 Propter

190 710 192 714 Ι
218 651 301 710 quae
323 633 433 694 omnia
455 634 571 694 merito
600 632 721 693 incurri
745 631 974 708 gravissimam

218 731 472 809 indignationem
504 740 591 791 tuam
628 747 689 790 nec
724 747 789 789 non
826 729 974 789 omnium

217 840 438 889 creaturarum
450 828 653 889 accumulavi
667 828 746 888 mihi
758 826 975 886 inimicitiam.

196 926 262 988 sTe
284 928 372 987 enim
395 927 523 987 offenso
545 937 577 986 et
595 928 750 1002 despecto
772 925 836 985 iam
859 925 974 1002 utique

217 1025 302 1085 iusto
325 1025 446 1085 iudicio
474 1023 582 1084 omnis
604 1025 795 1084 adversatur
824 1033 975 1083 creatura

216 1123 388 1200 peccatori.
416 1123 480 1183 Sed
496 1121 704 1197 omnipotens
719 1131 751 1182 et
766 1122 857 1181 Deus
873 1121 975 1181 totius

217 1219 461 1297 consolationis,
479 1221 637 1280 miserere
653 1219 733 1279 mihi
748 1237 845 1279 servo
861 1228 917 1278 tuo
934 1236 975 1278 ex

217 1319 331 1379 intimo
348 1320 445 1379 corde
461 1317 638 1395 paenitenti
655 1327 687 1378 et
701 1317 833 1377 dolenti.
859 1316 975 1393 Quon-

184 1436 208 1476 ιο
218 1417 280 1476 iam
304 1433 344 1476 ex
365 1416 468 1476 nihilo
491 1415 596 1475 lactus
618 1433 691 1475 sum
721 1425 753 1476 et
773 1415 807 1475 in
830 1414 975 1490 peccatis

218 1523 406 1590 conceptus
421 1524 456 1575 ut
471 1513 594 1592 fragilis
610 1515 708 1573 homo
724 1512 838 1572 cecidi.
871 1512 975 1570 Parce

218 1612 315 1687 mihi,
344 1612 501 1696 Domine,
530 1627 637 1688 parce.
680 1612 729 1671 Da
751 1610 880 1671 veniam
905 1609 974 1669 lilio

217 1711 350 1788 prodigo
372 1711 411 1770 ad
434 1719 465 1770 te
488 1709 664 1770 revertenti
687 1710 727 1769 de
749 1706 878 1784 siliquis
900 1725 976 1782 por—

218 1825 330 1868 corum
362 1818 394 1868 et
425 1807 521 1867 stanti
552 1816 627 1867 ante
663 1808 816 1866 thronum
849 1806 975 1882 gloriae

185 1918 292 1967 rstuae
315 1917 346 1967 et
367 1906 543 1982 postulanti
565 1920 698 1964 manum
727 1903 975 1964 misericordiae

218 2017 292 2066 tuae
314 2023 332 2065 a
354 2021 449 2064 mane
471 2020 576 2080 usque
596 2003 634 2062 ad
657 2018 845 2077 vesperam:
868 2002 976 2061 donec

218 2103 395 2164 descendat
417 2119 470 2161 ros
492 2102 613 2179 gratiae
635 2111 667 2161 et
689 2099 798 2177 pluvia
827 2100 978 2159 consola-

217 2201 316 2262 tionis
332 2210 565 2277 superterram
581 2198 689 2259 cordis
709 2197 784 2273 mei,
805 2198 893 2273 quod
909 2197 975 2256 iam

218 2299 301 2358 aruit
323 2309 355 2358 et
377 2297 542 2358 contabuit
568 2313 646 2372 prae
669 2295 877 2355 multitudine
900 2311 977 2370 pec·
1051 2365 1052 2372 ἵ

182 2405 374 2456 zocatorum.
418 2397 555 2470 Propter
582 2403 683 2454 temet
711 2392 978 2468 ipsum'inclina‚

220 2497 310 2555 Deus
333 2512 438 2569 meus,
461 2509 573 2552 aurem
596 2501 683 2552 tuam
708 2490 786 2550 mihi
810 2499 842 2550 et
856 2490 976 2549 exaudi

218 2593 317 2653 verba
338 2609 420 2652 mea.
464 2590 605 2651 Mirifica
626 2588 868 2650 misericordias
891 2598 978 2661 tuas
1051 2605 1052 2608 ¹

219 2690 272 2766 qui
303 2690 412 2750 salvos
442 2688 523 2748 iacis
551 2696 722 2763 sperantes
746 2686 779 2745 in
802 2694 843 2746 te.
887 2671 978 2758 Scio,

219 2788 294 2863 quia
322 2804 387 2846 non
416 2797 548 2862 propter
576 2802 675 2861 opera
703 2802 776 2845 mea
798 2783 917 2858 iacies,
947 2783 976 2844 si

182 2902 282 2961 asqua
313 2885 395 2945 forte
427 2884 596 2944 videntur:
633 2884 690 2943 sed
721 2891 853 2958 propter
884 2882 978 2941 boni-

219 2991 316 3041 tatem
339 2990 437 3057 tuam,
467 2981 625 3055 Domine,
653 2997 736 3056 quae
759 2980 977 3040 immensura-
1051 3037 1052 3056 χ

218 3079 293 3139 bilis
315 3081 528 3155 praedicatur.
564 3079 715 3155 Amplius
732 3087 839 3137 autem
856 3076 975 3136 exaudi
1051 3091 1052 3104 ¹

220 3194 272 3237 me
289 3193 348 3252 per
363 3178 527 3255 singulare
543 3177 695 3238 meritum
710 3173 927 3235 amantissimi
944 3183 977 3234 et
1051 3179 1052 3194 ¹

219 3274 400 3335 dulcissimi
424 3275 480 3334 filii
504 3275 549 3335 tui
574 3275 647 3334 lesu
671 3273 813 3348 Christi,
837 3271 892 3348 qui
917 3288 976 3347 pro

183 3372 444 3448 sopeccatoribus
472 3372 648 3432 crucifixus
675 3381 725 3431 est
753 3379 785 3430 et
815 3379 977 3444 mortuus,

220 3480 254 3529 ut
274 3469 419 3529 omnium
443 3480 574 3546 peccata
589 3486 648 3528 sua
664 3468 788 3528 deleret
809 3467 985 3543 passione..

576 3572 616 3612 aar
