2128 4190
200 433 241 483 &2
258 430 431 483 [SERMONES
445 431 483 474 DE
493 431 560 474 vlTn
572 431 607 473 ET
617 431 766 474 Plsslortfi
778 431 904 486 bollini]
921 434 964 485 ἴῷ

201 575 233 625 et
247 565 343 640 aeris,
362 565 484 642 optima
499 583 536 626 es
551 565 708 641 custodia,
723 576 755 626 et
771 565 963 626 firmissima

201 663 310 723 tutela.
546 663 547 668 ’

242 762 271 824 Ο
288 779 367 822 crux
383 762 599 837 sanctissima,
618 778 747 822 summe
763 763 961 837 veneranda,

202 861 297 937 digne
325 860 516 935 recolenda,
544 860 658 920 intime
687 860 841 935 amanda,
870 860 960 920 cordi
1057 863 1058 866 ’

179 958 420 1033 sinscribenda,
436 957 534 1018 fronti
545 975 582 1018 ac
593 958 717 1034 pectori
733 957 961 1033 imprimenda,

202 1073 278 1133 rogo
307 1057 378 1132 pie,
407 1066 482 1133 peto
512 1056 643 1131 sedule,
672 1056 785 1116 adesto
813 1055 892 1116 mihi
927 1057 959 1116 in

201 1155 289 1215 omni
305 1155 512 1215 tribulatione
528 1171 615 1230 mea3
630 1155 720 1214 salva
735 1153 846 1229 libera,
862 1155 961 1214 bene·

202 1254 252 1314 dic
274 1253 443 1313 sanctifica
463 1253 574 1312 omnia
594 1253 741 1311 membra
762 1268 853 1311 mea:
883 1270 960 1329 rege

201 1368 321 1411 sensus
343 1366 447 1426 meos,
469 1349 578 1410 omnia
600 1350 700 1410 verba
716 1366 789 1409 mea
809 1359 841 1410 et
862 1367 962 1426 opera

169 1467 192 1506 ro
202 1448 355 1525 quamdiu
378 1465 451 1508 sum
467 1448 500 1507 in
516 1449 577 1507 hac
592 1447 674 1522 vita,
697 1457 731 1507 ut
753 1457 880 1523 perte
902 1465 960 1508 me

202 1546 399 1623 recipiat,
425 1546 493 1622 qui
520 1563 592 1622 per
619 1554 657 1605 te
680 1561 740 1604 me
762 1545 960 1606 redemit:

203 1645 296 1705 lesus
324 1644 479 1707 Christus
507 1643 669 1704 Dominus
698 1660 793 1703 meus
821 1659 879 1719 pro
907 1661 961 1704 me

203 1743 387 1803 crucifixus

243 1841 272 1903 Ο
296 1857 375 1900 crux
397 1841 493 1900 arbor
514 1839 695 1915 salutifera,
722 1854 822 1915 super
842 1854 961 1898 omnes

169 1957 193 1999 rs
202 1940 335 1998 arbores
351 1938 492 2014 elevata3
514 1948 548 1998 tu
564 1937 662 1998 cedro
677 1937 781 2012 altior,
801 1952 960 2013 cypresso

203 2034 418 2096 redolentior:
454 2036 566 2112 palma
595 2034 778 2111 pulchrior,
813 2033 960 2092 balsamo

201 2133 386 2210 pretiosior,
408 2134 493 2194 oliva
516 2131 676 2209 pinguior,
695 2131 761 2192 vite
778 2130 961 2205 secundior,

203 2231 265 2291 ficu
289 2231 424 2303 dulcior,
445 2231 531 2289 buxo
551 2228 696 2303 viridior,
718 2244 792 2288 rosa
807 2227 960 2287 rubicun-

203 2329 290 2404 dior;
319 2327 471 2388 omnibus
500 2325 698 2387 aromatibus
727 2336 759 2386 et
786 2325 961 2401 speciebus

166 2425 381 2486 aosalubrior:
403 2424 557 2484 omnibus
577 2423 825 2484 medicamentis
847 2431 880 2482 et
895 2439 961 2482 em·

203 2523 333 2599 plastris
356 2523 531 2583 efficacior.
572 2522 621 2582 Tu
650 2522 775 2582 animas
803 2538 901 2581 sanas
930 2529 963 2581 et

204 2636 355 2696 corpora:
382 2631 416 2682 tu
439 2621 570 2681 dolores
592 2621 735 2698 mitigas,
757 2628 789 2679 et
810 2619 963 2679 lacrimas

204 2718 400 2795 consolaris;
430 2729 464 2778 tu
496 2736 588 2794 spem
620 2717 751 2778 miseris
780 2718 898 2777 donas:
931 2727 963 2778 et

204 2814 299 2874 iustis
328 2817 471 2890 praemia
500 2816 652 2892 spondes
695 2815 742 2875 Tu
769 2815 963 2890 paenitenti-

167 2914 265 2976 asbus
287 2913 415 2973 veniam
444 2915 599 2991 praebes:
628 2923 660 2974 et
682 2912 835 2972 omnibus
864 2914 904 2973 ad
931 2924 962 2974 te

205 3010 469 3086 confugientibus
491 3010 624 3087 gratiam
648 3019 680 3070 et
701 3011 963 3072 misericordiam

205 3109 376 3186 impendis.
408 3107 455 3170 Tu
479 3109 599 3184 largam
622 3108 884 3169 benedictionem
908 3110 963 3170 de·

204 3205 289 3265 votis
311 3205 474 3280 infundis3
504 3204 688 3265 errantibus
711 3207 821 3266 lumen
844 3207 964 3283 aperis,

205 3302 302 3363 corda
324 3302 535 3378 compungis:
565 3312 597 3362 et
619 3303 746 3364 cunctis
767 3321 826 3380 per
847 3304 961 3364 orbem

167 3401 371 3476 solidelibus,
398 3400 632 3462 consolationis
654 3402 763 3462 oleum
786 3400 873 3461 lerre
895 3418 962 3462 non

204 3515 333 3574 cessas;
362 3508 394 3558 et
423 3515 528 3575 usque
553 3498 586 3558 in
610 3497 708 3558 finem
732 3498 853 3558 saeculi
878 3498 963 3559 fruc-

562 3602 603 3644 aco
