2122 4196
1043 1 1050 213 ἒ

1041 218 1046 293 i

1042 321 1046 372 i

221 457 261 506 ⁴3·ss
296 454 465 496 nfiotmto
481 455 519 496 DE
536 454 765 496 txcnnxnttonc
780 453 906 497 CHRISTI
939 456 978 507 K&
1044 437 1046 486 ἲ

222 588 328 664 inquit
343 598 413 647 erat
426 589 578 663 verbum3
600 598 632 649 et
648 589 784 648 verbum
802 599 871 648 erat
892 590 977 665 apud
1046 620 1047 638 ι

223 688 350 747 Deum:
371 699 404 746 et
427 688 519 746 Deus
543 699 611 747 erat
632 687 780 746 verbum.
823 686 861 746 Et
882 687 977 747 infra.
1044 697 1047 723 ³

224 785 262 844 Et
281 785 417 845 verbum
440 804 515 845 caro
538 786 657 847 facturn
680 797 746 846 est:
768 798 801 845 et
822 786 978 846 habitavit
1045 822 1048 871 7

222 883 255 942 in
278 883 382 942 nobis.
426 885 464 943 Et
484 885 628 944 vidimus
648 884 783 961 gloriam
806 883 889 958 eius,
911 885 977 960 glo·
1044 894 1049 929 ἲ

197 981 301 1039 sriam
334 981 425 1057 quasi
462 982 619 1058 unigeniti
651 999 670 1040 a
702 981 812 1041 Patre:
843 982 977 1056 plenum

220 1079 342 1153 gratiae
368 1089 400 1140 et
421 1079 577 1139 veritatis.
620 1079 683 1138 Hic
714 1088 765 1138 est
795 1078 977 1154 discipulus

222 1175 293 1235 ille:
315 1177 370 1252 qui
387 1177 610 1236 testimonium
633 1177 782 1252 perhibet
797 1177 837 1236 de
860 1177 925 1251 his,
947 1187 978 1236 et

222 1273 353 1348 scripsit
375 1274 465 1333 haec.
496 1274 535 1333 Et
548 1275 682 1348 scimus,
704 1273 780 1349 quia
793 1290 909 1333 verum
929 1283 979 1335 est

222 1371 446 1431 testimonium
469 1372 550 1432 eius.
587 1372 651 1432 Sed
674 1389 692 1431 o
715 1372 907 1432 dulcissime
931 1374 979 1433 lo-

188 1470 359 1544 iohannes,
376 1486 460 1545 quae
475 1479 526 1529 est
540 1486 639 1529 causa
655 1469 754 1528 huius
769 1471 978 1547 evangelicae

221 1567 476 1643 descriptionis?
505 1568 595 1627 Haec
618 1579 725 1627 autern
748 1568 869 1643 scripta
890 1577 978 1642 sunt,

222 1675 256 1724 ut
278 1665 418 1724 credatis
439 1665 515 1740 quia
531 1666 624 1725 lesus
646 1675 696 1724 est
711 1665 867 1726 Christus
889 1665 978 1725 iilius

222 1762 301 1822 Dei:
326 1772 358 1821 et
384 1771 419 1821 ut
447 1762 618 1822 credentes
640 1763 739 1823 vitam
766 1762 915 1823 habeatis
945 1763 977 1823 in

222 1859 354 1919 nomine
385 1859 467 1919 eius.
511 1859 573 1918 Hic
602 1869 652 1919 est
684 1860 846 1920 lohannes
877 1877 976 1936 quent

187 1977 212 2017 ιε
222 1975 320 2034 saepe
341 1958 404 2018 sibi
419 1959 545 2018 socium
566 1958 682 2018 accivit
698 1960 832 2018 Petrus:
853 1975 891 2017 ac
907 1957 976 2034 pari

221 2055 403 2117 constantia
437 2057 639 2132 principibus
670 2066 702 2117 et
733 2056 976 2132 magistratibus

221 2153 348 2214 restitit.
378 2153 443 2230 Qui
461 2154 499 2212 ab
515 2154 639 2214 eisdem
658 2155 754 2214 etiarn
770 2170 888 2212 caesus
911 2171 976 2213 non

221 2251 336 2312 tacuit:
365 2251 424 2310 sed
452 2268 510 2326 pro
533 2253 665 2312 nomine
687 2263 742 2312 tuo
767 2252 840 2311 lesu
864 2263 978 2312 contu·

222 2351 336 2409 melias
363 2358 458 2424 atque
481 2349 618 2408 verbera
641 2349 787 2425 gaudens
809 2349 977 2410 sustinuit.

185 2448 348 2507 zoMissus
370 2447 487 2506 exinde
519 2447 557 2505 ab
586 2447 742 2522 apostolis
770 2463 843 2504 curn
870 2445 978 2521 Petr0,

221 2554 390 2619 promptus
413 2543 590 2605 Samariam
620 2546 715 2605 adiit:
747 2555 782 2604 ut
803 2545 977 2606 credentes

222 2640 377 2717 Spiritum
390 2653 537 2704 sanctum
551 2643 737 2720 acciperent
747 2642 860 2717 oravit,
876 2653 909 2703 et
919 2644 977 2703 irn-

222 2739 367 2815 petravit.
421 2741 483 2800 Hic
519 2752 568 2801 est
603 2741 775 2817 theologus
812 2740 977 2801 Iohannes

222 2853 368 2896 summae
384 2835 550 2898 Trinitatis
572 2838 823 2914 limpidissimus
848 2837 977 2914 inspec-

185 2953 212 2993 25
222 2945 271 2993 tor
293 2951 329 2993 ac
345 2935 480 3010 relator3
502 2936 653 2996 columna
671 2935 854 3012 primitivae
872 2937 977 2996 eccle·

222 3031 306 3106 siae,
342 3043 449 3092 rector
477 3050 513 3091 ac
544 3033 694 3094 fundator
731 3032 830 3094 totius
859 3031 976 3094 Asiae:

221 3129 276 3204 qui
299 3140 431 3204 propter
451 3130 586 3189 verbum
611 3130 671 3190 Dei
699 3140 731 3191 et
752 3131 976 3191 testimonium

223 3225 352 3285 lesuin
382 3226 514 3286 exilium
537 3237 665 3304 trusu8‚
698 3228 915 3306 Apocalypsis
942 3229 976 3289 li-

220 3323 313 3382 brum
338 3324 533 3385 caelestibus
556 3326 737 3386 visionibus
762 3326 913 3402 plenum,
944 3328 975 3386 in

185 3443 212 3484 so
222 3420 336 3480 eodem
349 3421 420 3481 loco
431 3423 640 3500 conscripsit3
655 3423 832 3500 perhibens
845 3423 878 3483 in
890 3424 976 3499 prin·

222 3517 306 3593 cipio
329 3529 360 3579 et
382 3520 414 3578 in
438 3519 518 3580 fine:
541 3521 616 3596 quia
638 3521 772 3597 spiritus
786 3522 976 3596 prophetiae

587 3627 613 3666 as
