2128 4190
221 415 262 467 ns
277 413 450 468 [senuoucs
462 415 500 458 ue
511 414 578 456 vnn
589 414 625 457 ετ
636 413 785 457 passione
797 413 924 467 nomm]
942 415 986 467 ω

262 549 379 609 Tribus
401 559 509 610 autem
532 549 718 625 specialiter
740 547 847 608 modis
866 563 985 624 super-

222 647 352 708 excellit
368 647 493 708 Christi
516 647 625 723 passio
642 648 820 707 electorum
843 663 983 706 suorum

221 745 402 822 passiones
425 745 578 822 dignitate
598 745 725 805 scilicet
740 754 772 805 et
787 745 985 806 acerbitate:

221 861 258 904 ac
275 843 381 904 iructu
397 859 457 903 seu
472 843 620 903 utilitate.
644 843 680 902 In
692 842 846 919 dignitate
858 844 985 903 eminet

198 957 362 1018 spersona
389 941 558 1018 patientis:
587 941 663 1018 quia
692 941 778 1001 iilius
810 941 870 1001 Dei
902 953 984 1001 erat.

222 1041 258 1100 In
273 1039 449 1100 acerbitate
464 1039 690 1100 consideratur
704 1038 899 1116 gravissima
917 1040 983 1099 lae-

220 1137 270 1198 sio
292 1137 454 1213 corporis:
477 1137 554 1213 quia
575 1137 799 1197 nobilissimae
819 1154 856 1196 ac
872 1146 983 1196 tener-

220 1235 321 1295 rimae
343 1235 579 1311 complexionis
602 1234 671 1295 luit.
709 1235 744 1294 In
768 1234 876 1294 fructu
900 1251 981 1294 vero

220 1343 352 1409 apparet
374 1333 506 1393 humani
528 1333 660 1410 generis
682 1331 880 1408 redempti03
904 1332 982 1408 quia

187 1449 211 1489 ιο
220 1447 278 1505 per
300 1440 437 1491 mortem
459 1447 552 1490 suam
575 1447 672 1506 quam
695 1430 767 1490 sine
788 1430 884 1506 culpa
907 1446 982 1505 per·

219 1529 306 1604 tulit,
329 1529 367 1588 ab
389 1537 522 1588 aeterna
543 1545 604 1588 nos
627 1538 731 1588 morte
754 1527 920 1588 liberavit:
948 1537 981 1586 et

220 1626 371 1686 caelestis
386 1625 596 1686 beatitudinis
612 1626 779 1686 introitum
795 1636 827 1686 et
841 1626 979 1702 gloriam

220 1724 314 1785 nobis
332 1723 520 1800 promeruit.
553 1725 696 1800 ideoque
711 1740 769 1799 per
783 1725 978 1800 prophetam

220 1837 335 1881 omnes
371 1820 484 1881 lideles
520 1837 598 1881 suos
633 1821 672 1880 ad
707 1820 978 1881 considerandam

181 1918 475 1994 ¹ismagnitudinem
505 1917 627 1977 doloris
656 1917 707 1977 sui
737 1917 780 1977 ita
802 1917 980 1994 alloquitur
1057 1949 1058 1956 κ

219 2017 342 2076 dicens.
385 2014 414 2076 Ο
437 2032 497 2074 vos
519 2032 634 2075 omnes
661 2015 716 2091 qui
746 2014 892 2076 transitis
920 2031 980 2090 per
1053 2038 1058 2136 1

219 2113 321 2174 viam:
342 2112 497 2172 attendite
521 2121 553 2172 et
575 2112 682 2172 videte
698 2112 726 2172 si
749 2123 799 2172 est
821 2113 915 2172 dolor
936 2113 979 2172 si·
1057 2137 1058 2142 ¹

219 2211 306 2271 milis
327 2211 412 2270 sicut
435 2210 528 2270 dolor
549 2227 653 2270 meus,

259 2309 333 2368 Heu
357 2310 421 2368 heu
445 2307 586 2367 Domine
615 2325 712 2384 quam
743 2307 834 2367 multi
865 2308 979 2367 incon·

182 2406 359 2469 aosiderate
374 2421 483 2465 coram
502 2415 533 2465 te
549 2415 736 2481 transeunt3
757 2405 857 2465 siccis
872 2405 978 2465 oculis
1053 2465 1054 2472 χ

218 2515 251 2565 et
278 2503 535 2579 incompassibili
563 2504 661 2564 corde
684 2503 858 2579 imaginem
888 2513 976 2564 tuam

218 2610 462 2678 pertranseunt:
484 2601 537 2660 vix
559 2601 675 2677 alonge
699 2599 903 2662 Crucifixum
929 2600 978 2660 in·

218 2710 366 2775 tuentur;
392 2699 463 2758 sine
486 2698 670 2759 reverentia
693 2709 724 2758 et
745 2697 977 2775 genuflexione
1052 2773 1053 2782 ἵ

218 2814 276 2873 per
295 2797 452 2857 ecclesias
469 2797 673 2858 discurrunt:
697 2797 852 2857 festinant
873 2798 977 2874 magis

181 2894 307 2958 25exire
335 2911 432 2970 quam
462 2894 600 2970 intrare;
629 2895 703 2970 plus
732 2894 810 2954 libet
838 2894 975 2954 fabulari

217 3009 313 3068 quam
344 3010 452 3053 orare:
482 2992 617 3052 suavius
646 2992 743 3053 trahit
772 2993 915 3052 mundus
937 2994 975 3053 ad

218 3089 335 3164 iorum,
359 3107 456 3166 quam
479 3091 610 3151 divinus
632 3100 665 3150 et
687 3089 838 3150 caelestis
861 3100 975 3151 cantus

217 3187 255 3246 ad
285 3189 438 3264 chorum;
467 3189 520 3248 vix
543 3190 652 3249 valent
678 3187 806 3248 modico
827 3197 975 3268 tempore

216 3290 250 3349 in
280 3292 373 3351 laude
403 3301 457 3350 tua
486 3290 684 3350 consistere:
714 3307 788 3349 cum
817 3301 850 3350 tu
879 3291 974 3367 longo

181 3390 370 3448 soborarum
401 3388 505 3464 spatio
537 3405 595 3463 pro
627 3389 772 3464 ipsorum
805 3390 910 3450 salute
941 3389 974 3448 in

218 3504 314 3546 cruce
347 3487 490 3561 repletus
522 3486 688 3546 doloribus
720 3486 830 3547 multis
860 3498 892 3547 et
921 3487 974 3546 ob·

580 3591 618 3632 rao
