2114 4168
223 451 344 504 &Um
371 449 546 492 ORATlONES
562 451 601 492 DE
615 449 692 492 Allis
707 450 836 493 sanclis
862 451 986 504 &MD

266 584 295 646 0
319 583 440 660 illaria,
464 595 498 645 tu
521 602 557 645 es
580 585 635 645 illa
656 584 809 662 religiosa
830 596 865 645 et
885 584 987 645 bene·
1043 553 1044 648 l

225 683 311 743 dicta
334 682 472 758 femina,
501 700 585 759 quae
608 682 785 743 Dominum
811 692 927 743 secuta
949 699 986 742 es

224 797 283 857 per
306 779 454 840 civitates
483 789 516 840 et
544 779 677 840 castella
706 779 924 841 ministrando
954 780 984 840 ei

224 877 265 937 de
284 877 504 938 ·iacultatibus
534 878 616 953 tuis,
646 877 703 954 qui
734 889 804 939 erat
834 879 984 939 omnium

201 990 333 1035 srerum
356 985 484 1037 creator
505 984 537 1035 et
556 975 655 1037 dator.
684 976 780 1038 Vnde
795 975 905 1053 ipsum
928 976 984 1036 ali·
1044 989 1045 996 ¹

224 1072 353 1151 quando
368 1073 511 1150 hospitio
526 1075 700 1151 suscepisti
712 1092 787 1135 curn
802 1074 983 1136 venerabili
1045 1086 1046 1090 ’

224 1188 337 1232 sorore
359 1183 414 1231 tua
436 1171 575 1232 Martha.
619 1171 712 1248 Quae
737 1189 811 1232 cum
842 1173 984 1233 sollicita

223 1278 313 1330 esset
340 1269 373 1329 in
403 1269 635 1344 ministrando,
663 1269 704 1330 de
732 1270 798 1331 otio
825 1283 882 1331 tuo
906 1288 982 1331 con·

223 1367 316 1443 queri
342 1369 458 1445 coepit.
501 1367 567 1428 Sed
591 1368 754 1428 Dominus
782 1386 841 1446 pro
870 1378 904 1429 te
934 1387 983 1430 re-

191 1465 364 1542 rospondit,
375 1467 460 1527 sicut
470 1466 602 1543 saepius
613 1465 760 1540 iaciebat,
771 1466 846 1542 plus
856 1483 982 1526 recom·
1046 1495 1047 1518 r

224 1563 382 1624 mendans
393 1572 484 1624 tuum
500 1565 613 1640 otium,
627 1580 723 1641 quam
736 1563 886 1624 Marthae
905 1580 982 1640 neg-

224 1661 336 1722 otium.
379 1662 498 1739 lllaria‚
526 1663 648 1740 inquit,
680 1661 834 1738 optimam
856 1672 982 1740 partem

224 1759 332 1835 elegit,
355 1777 439 1836 quae
461 1777 526 1821 non
549 1761 716 1821 auferetur
737 1758 776 1818 ab
799 1776 847 1819 ea.
892 1762 982 1838 Rogo

224 1857 287 1918 iam
315 1868 363 1933 te,
393 1858 512 1919 oielix
541 1868 574 1919 et
603 1857 756 1919 caelestis
778 1857 901 1934 illaria,
931 1860 981 1920 lac

190 1972 277 2016 rsme
299 1957 397 2017 huius
420 1957 560 2033 optimae
582 1955 683 2032 partis
710 1955 916 2033 participem,
946 1967 981 2017 nt

224 2062 297 2130 post
324 2056 408 2115 hanc
438 2054 632 2114 laboriosam
661 2052 760 2113 vitam
788 2053 979 2129 perveniam
1048 2086 1049 2130 p

224 2151 263 2211 ad
285 2161 436 2213 aeternae
459 2151 744 2229 contemplationis
760 2151 915 2227 quietem.
950 2151 979 2213 O

224 2248 339 2326 Maria,
359 2259 394 2310 tu
417 2268 453 2311 es
475 2250 529 2310 illa
551 2248 742 2309 fidelissima
757 2258 788 2308 et
810 2248 981 2309 carissima

225 2346 335 2406 Lazari
352 2363 456 2422 soror,
472 2363 570 2424 quem
586 2363 604 2404 a
619 2345 757 2406 mortuis
772 2346 981 2407 resuscitavit

187 2444 387 2505 aoDominus
416 2455 448 2505 et
472 2444 621 2505 Salvator
648 2453 770 2503 noster.
814 2442 861 2502 lbi
891 2460 980 2503 nam-

223 2560 288 2620 que
310 2544 384 2620 pius
407 2541 569 2604 Dominus
591 2541 656 2602 tuis
671 2539 855 2600 lacrimosis
877 2542 980 2616 preci-

223 2641 285 2700 bus
309 2641 498 2718 sororisque
527 2647 601 2699 tuae
630 2638 736 2698 anxiis
764 2637 980 2714 querimoniis

223 2737 256 2798 in
288 2747 411 2799 tantum
441 2753 633 2813 compassus
665 2744 732 2805 est,
764 2745 798 2795 ut
829 2735 980 2796 lacrimas

224 2836 375 2896 funderet
397 2836 585 2910 ostendens,
609 2851 705 2911 quarn
728 2850 806 2893 vere
828 2833 924 2893 nobis
945 2834 978 2894 in

187 2949 283 2994 aasua
297 2933 498 2995 humanitate
513 2933 707 2994 coniunctus
723 2939 822 2992 esset.
844 2931 978 3008 Quaeso

223 3040 264 3106 te,
287 3031 434 3108 piissima
456 3031 575 3107 illaria,
598 3030 732 3093 Christo
756 3029 925 3090 familiaris
947 3037 979 3088 et

223 3129 350 3204 dilecta,
379 3138 449 3190 esto
472 3128 551 3189 mihi
575 3130 712 3205 supplex
736 3128 899 3189 exoratrix
920 3145 977 3204 pro

222 3227 339 3305 gratia,
368 3243 451 3303 quae
481 3235 531 3286 est
559 3225 687 3286 animae
715 3226 797 3302 vita,
826 3233 861 3286 ut
885 3226 978 3286 inea

222 3325 335 3385 vivere
357 3332 389 3385 et
410 3324 492 3384 mori
515 3340 643 3384 merear
664 3341 700 3383 ac
723 3324 755 3383 in
777 3323 908 3384 futurae
929 3340 976 3383 re-

186 3422 437 3486 sosurrectionis
464 3421 567 3498 gloria
595 3439 669 3481 curn
694 3421 815 3483 sanctis
838 3421 977 3482 resusci-

223 3519 292 3578 tari.

579 3623 619 3664 aar
