2128 4190
256 441 297 493 dh*
315 439 487 493 [SERMONES
500 441 539 484 DE
549 441 616 484 VITA
627 442 663 485 ET
673 441 821 485 Pnsslone
832 442 959 496 DOMINI]
976 444 1018 496 Kc)

259 584 294 635 ut
316 575 406 652 regni
430 575 480 635 sui
505 575 600 635 iaciat
622 578 812 637 coheredes.
849 575 935 653 Quis
951 594 1018 637 non

259 673 469 750 concupiscat
484 672 547 732 iam
563 673 728 733 sustinere
739 675 888 735 convicia
898 685 931 735 et
941 693 1021 735 con-

259 780 401 847 temptus
424 770 610 845 hominum;
640 787 713 830 cum
736 770 896 833 innocens
920 773 1022 835 Chri·

260 879 330 930 stus
352 867 523 946 pertulerit
544 869 583 926 ab
605 868 794 929 hominibus
821 879 884 930 tam
906 871 1023 947 gravia

236 977 292 1027 set
314 966 445 1044 indigna
467 966 539 1026 sine
562 966 685 1042 culpa?
728 967 847 1028 Levius
875 985 1023 1045 namque

261 1065 323 1125 lert
353 1065 466 1125 miles:
503 1065 589 1140 quod
621 1082 730 1141 regem
763 1065 870 1125 lacere
902 1066 1023 1126 cernit.

260 1162 418 1222 Ascendit
439 1162 547 1238 itaque
570 1162 637 1222 Rex
660 1162 789 1238 nobilis,
813 1164 881 1223 Rex
904 1181 1023 1240 regum

260 1259 895 1336 omniumDominus‚contraprincipem
906 1263 1024 1322 mundi

260 1357 456 1418 bellaturus:
471 1376 536 1420 non
549 1360 654 1436 clipeo
666 1369 842 1436 protectus,
857 1378 919 1422 nec
932 1362 1025 1422 ferro

227 1455 423 1532 romunitus3
449 1457 507 1517 sed
530 1473 627 1517 cruce
650 1466 792 1517 armatus
816 1467 849 1518 et
869 1460 1025 1534 vallatus

261 1553 349 1613 cruci
379 1554 577 1631 affigendus:
607 1555 640 1614 in
670 1573 768 1615 cruce
790 1557 934 1633 denique
962 1576 1025 1633 pro

261 1653 375 1713 amicis
406 1653 475 1714 suis
506 1653 694 1714 moriturus.
741 1654 889 1715 Veniens
921 1654 1026 1731 igitur

261 1752 299 1811 ad
322 1751 429 1811 locum
454 1751 636 1828 calvariae,
661 1770 734 1813 curn
758 1753 866 1813 crucis
888 1753 1025 1819 vexillo,

261 1849 359 1926 elegit
381 1849 423 1909 ibi
447 1850 590 1910 nominis
612 1851 663 1911 sui
682 1850 808 1928 erigere
823 1851 966 1926 titulum,
990 1863 1025 1911 et

227 1956 392 2007 rsnostrae
415 1947 529 2007 salutis
551 1948 677 2024 operari
694 1948 906 2025 mysterium3
928 1965 1025 2024 prae·

261 2062 404 2105 noscens
427 2047 533 2105 locum
551 2045 736 2106 confusioni
753 2046 908 2121 deditum,
931 2047 1025 2106 miri·

263 2142 333 2202 licis
364 2142 467 2219 signis
501 2143 747 2203 illustrandum:
783 2155 879 2221 atque
912 2145 1025 2204 crucis

262 2257 341 2301 suae
368 2240 548 2316 patibulum
578 2240 610 2300 in
640 2243 798 2302 honorem
827 2252 1025 2302 converten-

263 2339 356 2412 dum;
378 2337 410 2396 in
433 2337 523 2396 brevi
545 2354 674 2414 quoque
691 2347 838 2414 tempore
853 2355 913 2415 per
927 2357 1025 2399 mun-

225 2453 252 2493 zo
263 2437 339 2496 dum
362 2435 631 2511 praedicandum:
654 2446 686 2497 et
705 2454 723 2496 a
739 2436 870 2513 regibus
885 2447 918 2497 et
934 2438 1024 2513 prin·

263 2534 389 2610 cipibus
419 2543 524 2594 terrae
556 2535 765 2595 adorandum.
814 2535 871 2595 Est
898 2535 1024 2611 quippe

263 2632 370 2692 crucis
398 2632 586 2692 venerabile
617 2632 746 2709 signum
778 2632 811 2692 in
843 2632 1024 2693 christiana

262 2729 378 2790 militia
408 2731 509 2789 decus
540 2730 687 2806 insigne3
718 2739 750 2790 et
780 2746 880 2805 super
910 2731 1023 2790 omnia

262 2844 426 2887 armorum
466 2844 587 2903 genera
626 2828 794 2888 munimen
835 2828 1023 2905 singulare:

226 2942 252 2982 25
263 2934 359 3002 atque
391 2936 503 2985 contra
535 2925 652 2985 diaboli
689 2926 857 2986 saevitiam
895 2937 928 2986 et
959 2937 1023 2988 ter·

263 3040 387 3097 rorem,
416 3022 667 3099 inexpugnabile
690 3034 829 3084 scutum.
873 3024 919 3084 lbi
943 3041 1022 3102 ergo

264 3122 356 3180 lesus
387 3119 551 3180 vexillifer
581 3121 708 3196 crucis,
739 3121 884 3181 omnium
917 3123 1022 3182 cruci-

264 3219 407 3279 ferorum
437 3217 590 3293 princeps
619 3227 651 3278 et
673 3227 846 3293 patmum,
875 3219 965 3280 stetit
987 3219 1020 3280 in

263 3317 334 3377 loco
364 3317 517 3377 horrendi
548 3315 699 3376 loetoris:
729 3315 784 3392 qui
816 3325 949 3392 propter
971 3334 1021 3376 ca·

227 3416 382 3475 sudavere
417 3413 681 3489 interfectorum,
716 3414 810 3474 valde
846 3415 1021 3489 despectus

265 3512 325 3572 fuit
346 3523 378 3572 et
400 3512 598 3572 immundus.
631 3512 676 3571 lbi
700 3529 775 3572 mox
794 3512 865 3572 suis
880 3514 1021 3590 expolia-
1045 3521 1047 3588 J

627 3616 664 3657 192
