2128 4190
238 442 278 493 (ἢ
296 441 468 493 [SERMONES
481 443 519 484 DE
529 442 596 484 VITA
608 442 643 484 ET
654 441 802 485 PASSIONE
815 441 939 494 DOMINI]
955 443 993 494 ise)

239 576 332 634 brum
355 577 393 635 ab
416 576 535 636 ictibus
557 575 705 652 retraxit3
734 577 792 636 sed
819 585 935 652 sponte
957 593 991 635 ac

239 672 341 732 libere
363 681 466 734 totum
489 690 608 750 corpus
623 692 720 735 suum
736 673 991 750 percutientibus

238 769 383 830 tradidit:
413 780 448 831 ut
476 788 534 847 pro
556 771 699 847 peccatis
720 771 866 831 omnium
891 771 993 831 homi-

238 885 317 927 num
338 869 436 944 plene
458 867 671 928 satisfaceret.
715 869 798 928 Nam
821 868 907 928 sicut
928 868 992 927 cui-

215 966 311 1026 sdam
341 965 493 1042 religioso
522 967 556 1027 in
583 967 712 1026 visione
738 976 907 1027 ostensum
934 977 992 1041 est,

238 1062 390 1140 quotiens
406 1062 562 1124 Christus
584 1080 686 1123 unum
706 1063 805 1125 ictum
822 1065 993 1125 verberan-

237 1161 280 1221 tis
308 1161 450 1236 accepit3
478 1178 554 1221 mox
583 1161 674 1220 illum
699 1161 784 1221 Patri
813 1180 871 1238 pro
900 1162 993 1222 nobis

238 1276 278 1319 ex
306 1275 417 1318 amore
446 1259 577 1335 optulit:
606 1269 722 1335 petens
751 1269 786 1319 ut
814 1269 846 1320 et
868 1259 993 1320 delictis

238 1356 359 1416 nostris
381 1357 575 1433 ignosceret.
608 1358 682 1417 Non
704 1357 792 1417 enim
815 1367 879 1418 tam
896 1357 992 1417 dilec-

204 1466 290 1516 totus
317 1454 403 1515 lilius
426 1465 538 1516 contra
561 1455 690 1515 Patrem
712 1454 885 1532 aliquando
908 1473 992 1515 mur·

238 1553 378 1612 muravit
392 1553 468 1630 quia
487 1554 585 1613 tantis
605 1553 721 1628 poenis
736 1570 812 1613 eum
827 1553 993 1629 exposuit;

237 1668 303 1711 non
323 1650 580 1711 comminabatur
601 1651 829 1728 torquentibus
851 1667 888 1710 se
908 1651 992 1711 duri-

237 1759 305 1809 ter:
340 1765 406 1808 non
438 1748 638 1809 irascebatur
669 1748 927 1824 conspuentibus
957 1765 993 1808 se

237 1845 391 1921 turpiter,
424 1863 489 1906 non
521 1846 735 1907 maledicebat
765 1846 994 1907 accusantibus
1024 1837 1026 1842 ’

204 1960 274 2002 isse
306 1942 478 2020 fallaciter3
509 1945 568 2004 sed
596 1943 698 2020 magis
727 1946 910 2021 condoluit;
941 1962 994 2005 ex-

238 2042 380 2118 cusavit,
409 2043 573 2103 toleravit:
603 2053 635 2103 et
662 2043 766 2103 oravit
794 2060 852 2119 pro
881 2041 931 2102 eis
960 2052 994 2101 ut

238 2138 423 2214 acciperent
443 2140 572 2200 veniam
594 2141 716 2201 dicens.
754 2141 849 2202 Pater
868 2140 994 2201 dimitte

238 2237 319 2297 illis:
342 2254 407 2298 non
430 2238 517 2298 enim
540 2239 649 2299 sciunt
670 2238 747 2316 quid
771 2238 902 2299 iaciunt.

278 2334 342 2395 Sed
372 2352 454 2412 quae
484 2353 581 2395 causa
611 2336 688 2396 tanti
718 2336 802 2396 mali·
819 2346 851 2396 et
872 2335 995 2397 doloris

201 2432 418 2492 aoimmensiP
468 2432 569 2494 Certe
598 2434 698 2494 multa
731 2444 863 2510 peccata
892 2434 995 2494 homi-

238 2546 334 2604 num;
362 2529 416 2605 qui
446 2530 479 2589 in
508 2531 620 2591 multis
648 2531 805 2591 membris
836 2531 906 2591 suis
937 2549 996 2608 per

238 2627 383 2705 quinque
411 2645 530 2687 sensus
561 2627 766 2702 saepissime.
784 2629 994 2706 delinquunt:

237 2734 270 2784 et
301 2725 478 2785 Dominum
508 2726 650 2802 graviter
680 2725 860 2788 offendunt.
911 2728 994 2788 Nam

238 2824 384 2900 corporis
424 2824 569 2884 membra
607 2823 726 2901 quibus
762 2825 832 2884 Deo
869 2823 995 2884 servire

201 2922 403 2996 asdeberent,
425 2931 458 2981 et
479 2923 578 2982 multa
600 2923 685 2982 bona
699 2921 826 2997 operari
842 2933 995 2997 possent;

237 3021 317 3079 haec
349 3035 406 3094 pro
439 3020 531 3079 dolor
561 3019 678 3079 timore
707 3018 818 3079 divino
850 3021 995 3095 excluso,

237 3116 377 3176 diversis
416 3117 612 3178 vanitatibus
652 3127 684 3177 et
723 3117 996 3178 delectationibus

236 3215 345 3290 pravis
380 3233 462 3276 ausu
497 3215 669 3275 temerario
703 3214 848 3274 tradunt:
884 3225 917 3275 et
953 3215 996 3276 ita

236 3313 401 3387 peccando
431 3313 517 3372 servi
547 3312 700 3373 vitiorum
729 3320 762 3372 et
789 3313 937 3372 membra
959 3330 996 3372 ac

200 3426 314 3468 aovasa
329 3410 523 3470 daemonum
548 3409 637 3470 fiunt.
667 3409 876 3486 Quapropter
898 3409 996 3471 Chri-

237 3517 307 3566 stus
335 3506 420 3567 lilius
444 3508 504 3567 Dei
528 3506 729 3583 compatiens
751 3506 941 3568 hominibus
965 3519 997 3570 et

594 3612 635 3653 240
