2114 4168
516 407 683 462 Epilegomena.

220 540 288 599 suis
310 539 512 601 auditoribus
528 546 722 618 proponant.
765 541 803 601 Et
831 542 981 618 proiecto

221 622 338 680 horum
360 631 553 683 tractatuum
575 621 758 682 accuratius
776 622 980 682 conlatorum

221 701 307 761 inter
317 719 353 762 se
364 701 612 763 similitudinem
624 712 743 763 tantam
754 703 982 779 esserepperi,

221 791 256 842 ut
283 781 348 842 iam
376 799 571 859 persuasum
600 782 679 844 mihi
702 783 762 859 sit,
791 784 879 860 quod
905 800 981 859 pro·

220 861 327 923 babile
342 879 417 923 esse
433 863 498 923 dixi
514 863 548 923 in
563 865 627 924 vol.
642 864 671 924 V
685 867 756 940 396,
778 879 850 923 eam
872 863 980 940 ipsam

220 960 352 1004 causam
375 943 479 1004 fuisse
502 944 644 1020 librario,
666 961 725 1004 cur
741 945 879 1004 alterum
895 961 981 1020 opus

220 1023 254 1084 in
276 1023 350 1085 Slll
370 1033 403 1084 et
424 1024 639 1101 sequentibus
664 1025 863 1085 editionibus
885 1025 982 1086 omit·

220 1105 355 1165 tendum
377 1122 453 1165 esse
475 1115 635 1166 censeret.
672 1104 831 1182 Quodne
853 1115 982 1166 temere

221 1185 344 1246 dixisse
365 1185 489 1262 videar,
510 1186 595 1247 inira
616 1186 706 1246 iuxta
720 1203 757 1246 se
779 1203 897 1262 ponam
914 1204 982 1246 ma·

220 1283 316 1342 gnam
328 1267 551 1343 exemplorum
563 1266 689 1343 copiam
698 1277 886 1343 exutroque
895 1266 982 1328 libro

221 1346 352 1423 petitam
364 1364 570 1424 nequaquam
585 1357 694 1408 tamen
709 1347 819 1407 omnia
833 1364 886 1407 me
902 1364 982 1408 eno-

220 1437 308 1488 tasse
323 1437 422 1488 ratus.
453 1428 489 1488 ln
505 1427 623 1505 quibus
638 1429 701 1487 hoc
716 1444 847 1504 quoque
864 1437 983 1488 tenen·

221 1508 298 1568 dum
330 1517 396 1584 est,
431 1508 679 1568 similitudinem
712 1509 798 1568 haud
829 1508 873 1569 ita
904 1527 980 1569 raro

220 1589 345 1648 versari
368 1589 401 1648 in
424 1589 504 1649 solis
526 1588 647 1665 verbis,
668 1589 701 1649 in
722 1589 896 1650 sententiis
911 1606 981 1650 non

220 1669 309 1730 item.

258 1828 276 1876 E
294 1828 428 1878 volumine
444 1829 548 1890 quinto:
659 1827 678 1875 E
694 1827 829 1876 volumine
844 1829 934 1877 tertio:

262 1945 291 2004 p.
312 1931 342 2002 3,
365 1945 396 1987 14.
414 1945 439 1986 rs
460 1928 527 2005 rapi
550 1927 583 1988 in
652 1944 681 2003 p.
701 1929 730 2002 5,
753 1943 778 1984 16
791 1935 894 1987 totum
913 1926 979 2002 spi-

222 2025 395 2068 excessum
418 2009 537 2069 mentis
612 2007 709 2067 ritum
741 2024 850 2067 meum
881 2007 915 2066 in
945 2017 978 2067 te

612 2087 694 2164 rapit

260 2181 296 2253 5,
316 2194 389 2237 21.ae
411 2179 495 2238 Laus
519 2187 583 2253 tua,
656 2177 721 2252 tos,
742 2191 823 2234 aa-zs
844 2192 922 2251 rogo
943 2185 978 2235 ut

221 2260 322 2334 Deus,
333 2269 367 2319 tu
378 2259 449 2335 ipse
461 2275 511 2334 es3
522 2275 583 2318 nec
612 2267 643 2317 te
654 2256 762 2333 ipsum
778 2266 811 2317 tu
826 2255 899 2332 ipse
911 2256 978 2314 lau-

219 2339 259 2398 ab
300 2339 408 2416 aliquo
454 2338 583 2416 dignius
612 2338 686 2412 des3
729 2337 805 2414 quia
844 2336 908 2396 nisi
944 2347 976 2395 te

220 2419 583 2496 laudaris‚nisiateipso
611 2418 720 2494 ipsum
771 2415 976 2477 laudaveris:

610 2514 788 2574 numquam
802 2498 869 2557 eris
879 2497 977 2573 plene

550 2595 553 2602 ⁴
612 2588 644 2638 et
667 2579 764 2654 digne
786 2578 946 2637 laudatus.

263 2672 308 2745 10,
320 2686 398 2728 19-24
408 2671 583 2746 prophetas
650 2670 679 2742 5,
698 2670 795 2742 a-o,
809 2682 823 2723 2
837 2667 978 2742 prophe·

219 2794 274 2809 ...
297 2749 389 2809 miris
416 2749 519 2826 signis
546 2767 583 2809 ac
611 2757 732 2808 tarum:
751 2764 890 2824 quorum
907 2764 977 2806 ora-

219 2829 454 2906 multiplicibus
472 2847 583 2890 oracu-
612 2828 695 2887 culis
710 2827 803 2887 miris
821 2837 853 2888 et
868 2826 976 2886 multi-

219 2909 583 2986 lispraenuntiare,pro-
611 2908 750 2985 plicibus
763 2907 869 2967 modis
885 2923 977 2984 prae-

220 2990 348 3050 mittere
370 3007 407 3049 ac
425 2990 583 3067 praefigu·
610 2988 778 3048 nuntiatus
793 3005 830 3048 es
841 2997 874 3048 et
884 3005 976 3064 prae·

219 3087 291 3130 rare
510 3101 513 3107 ·
612 3069 767 3146 figuratus

262 3163 308 3234 ll,
323 3175 405 3216 21-23
420 3159 584 3219 desideria
654 3160 699 3234 17,
720 3175 791 3216 mas
811 3157 975 3217 desiderio

219 3239 581 3300 ...incarnationis...
688 3238 975 3315 impleri...in-

219 3321 402 3396 adimplesti
610 3319 807 3379 carnationis
828 3321 878 3393 56,
894 3334 975 3375 27--29

609 3398 658 3459 Tu
673 3416 709 3459 es
786 3398 972 3474 adimpletio

610 3479 764 3539 desiderii
788 3478 851 3538 mei

576 3584 616 3623 rra
