2128 4190
229 405 270 459 ὦ
288 406 460 459 [SERMONES
472 405 511 450 DE
521 406 588 449 vlrn
600 406 635 449 ET
646 406 795 450 PASSIONE
807 406 931 460 DOMINI]
947 407 987 460 [ὼ

229 550 305 600 runt
335 540 412 600 olim
444 541 537 602 multi
568 541 602 602 in
633 550 744 601 sancta
774 541 913 601 ecclesia
943 541 988 601 ita

230 637 396 697 ferventer
422 654 462 698 ex
487 639 598 700 divino
620 656 731 700 amore
752 639 900 715 accensi3
929 639 985 716 qui

229 751 295 795 non
324 735 430 796 solum
454 738 615 799 exteriora
636 749 668 799 et
689 739 879 815 temporalia
900 739 987 798 bona
1055 817 1056 824 ἵ

228 833 427 908 pauperibus
449 835 618 912 dederunt,
640 847 694 897 aut
716 853 757 896 ex
777 847 853 897 voto
875 835 987 896 omnia
1055 829 1056 856 ³

206 931 447 1008 sreliquerunt:
476 933 535 992 sed
564 933 660 994 etiam
689 933 723 993 in
745 945 892 1010 tempore
913 950 987 1010 per·

228 1028 409 1089 secutionis
438 1046 574 1105 corpora
603 1048 662 1090 sua
687 1047 745 1107 pro
773 1031 836 1092 lide
858 1030 986 1092 Christi

228 1127 268 1186 ad
279 1126 409 1187 diversa
424 1127 805 1204 suppliciatradiderunt.
828 1130 884 1189 Isti
896 1139 988 1188 certe

228 1225 262 1285 in
290 1224 343 1285 via
365 1225 426 1285 Dei
457 1236 489 1286 et
517 1226 729 1302 processione
751 1225 878 1287 Christi
906 1241 987 1302 prae

228 1323 348 1382 ceteris
363 1324 642 1400 contemptoribus
655 1323 767 1384 mundi
779 1340 915 1400 corpora
925 1340 987 1382 sua
1055 1307 1056 1316 ¹

195 1440 219 1481 ro
229 1421 328 1481 veluti
358 1421 538 1481 animarum
570 1439 702 1483 suarum
733 1422 923 1482 indumenta
955 1433 989 1480 et

228 1535 328 1578 onera
358 1519 541 1595 gravantia,
576 1529 806 1597 postraverunt
837 1529 869 1579 et
899 1518 988 1578 abie-

229 1626 344 1677 cerunt
372 1616 405 1676 in
427 1626 514 1676 terra
535 1618 573 1676 ab
596 1617 784 1678 hominibus
806 1616 901 1677 malis
922 1616 987 1675 cal·
1055 1651 1056 1660 κ

228 1714 346 1789 canda3
368 1725 403 1775 ut
424 1725 598 1790 perpetuas
621 1731 759 1775 coronas
780 1715 813 1774 in
837 1713 985 1774 caelesti·
1055 1707 1056 1716 ’

227 1812 289 1872 bus
296 1812 422 1888 gaudiis
434 1812 618 1889 reciperent
628 1829 702 1872 cum
714 1812 838 1888 angelis
847 1810 985 1870 sanctis:

194 1928 286 1987 rspro
312 1912 464 1972 omnibus
486 1911 657 1971 tormentis
678 1912 740 1971 sihi
762 1909 987 1986 temporaliter

227 2009 334 2070 illatis.
358 2009 423 2088 Qui
440 2020 547 2070 autem
562 2009 733 2072 Christum
749 2020 878 2086 portant
892 2009 985 2068 asina

228 2117 304 2167 sunt
319 2118 350 2168 et
365 2108 490 2183 pullus:
511 2109 669 2169 habentes
684 2108 816 2184 quidem
832 2124 932 2183 super
947 2123 985 2166 se

228 2215 338 2266 vestes
359 2205 569 2281 apostolicas,
590 2206 649 2266 sed
671 2206 710 2266 ad
733 2206 860 2267 Christi
882 2207 985 2281 impe·

227 2303 310 2363 rium
336 2305 561 2379 procedentes,
605 2305 669 2364 Per
689 2306 750 2364 hos
772 2305 986 2381 designantur

190 2402 303 2462 eoboni
330 2413 362 2463 et
387 2403 495 2463 devoti
518 2402 662 2479 religiosi
685 2403 817 2463 saeculo
840 2403 983 2463 renunti·
1053 2417 1054 2428 ¹

226 2509 336 2575 antes3
357 2500 412 2576 qui
435 2517 494 2576 per
511 2499 690 2560 doctrinam
707 2499 928 2575 apostolorum
944 2498 982 2558 ad

226 2597 397 2658 Christum
433 2598 538 2658 vocati
575 2597 809 2658 monasterium
846 2597 983 2656 intrant:

226 2695 337 2771 iugum
359 2695 431 2755 eius
453 2712 554 2754 suave
577 2705 608 2755 et
630 2712 714 2754 onus
736 2695 809 2754 leve
831 2711 932 2770 super
947 2709 983 2752 se

226 2793 417 2869 regulariter
447 2794 582 2869 tollunt3
613 2793 793 2854 castitatem
824 2802 983 2865 amantes,

189 2908 216 2950 25
226 2889 464 2949 oboedientiam
479 2900 666 2950 servantes:
687 2900 719 2950 et
734 2890 795 2950 sub
811 2889 983 2965 disciplina

226 2988 442 3064 praelatorum
462 2987 628 3064 viventes3
651 2989 780 3049 frenum
803 2987 926 3048 silentii
949 2987 981 3046 in

225 3101 281 3144 ore
303 3095 453 3145 tenentes
463 3093 475 3144 τ’
493 3097 525 3146 et
547 3088 679 3147 dorsum
695 3103 792 3147 suum
808 3102 845 3145 ac
861 3085 981 3146 collum

225 3183 264 3243 ad
291 3182 527 3244 correctionem
550 3186 611 3245 sub
633 3185 723 3261 virga
745 3183 914 3244 humiliter
935 3182 983 3242 in·

226 3293 416 3359 curvantes3
443 3293 475 3343 et
496 3284 577 3343 haec
600 3283 709 3343 omnia
730 3292 863 3358 propter
884 3281 982 3343 Chri·

188 3392 311 3442 sostum
333 3381 388 3458 qui
411 3397 468 3440 eos
491 3381 531 3440 de
549 3380 671 3440 saeculi
686 3379 828 3440 vanitate
842 3379 982 3453 vocavit,

225 3496 261 3538 ac
283 3495 344 3537 suo
366 3477 500 3538 servitio
522 3477 735 3553 mancipavit:
756 3476 809 3552 pie
831 3486 864 3536 et
878 3476 983 3536 liben-

582 3581 623 3624 258
