2144 4194
251 475 291 528 m
309 474 481 526 [SERMONES
493 475 532 518 DE
543 475 609 517 vlrn
621 474 656 518 ET
666 473 815 517 passione
826 473 954 528 DOMINI]
971 475 1012 528 [ᾧ

251 609 387 670 haberet
415 611 455 670 de
477 609 622 669 extemis
644 608 847 685 frequentiis.
889 608 1005 685 Liquet

251 706 331 767 satis
359 707 564 767 considerata
590 705 743 782 veritate,
771 706 858 782 quod
886 706 1005 782 imper·

252 805 336 866 lecta
357 805 423 865 sint
443 813 556 865 nostra
575 804 630 864 hic
649 803 822 864 sollemnia
836 813 1008 880 quantum-

250 919 392 979 cumque
407 903 470 963 alte
486 910 634 963 cantetur
649 901 702 961 vel
719 901 885 978 pulsetur3
907 919 1007 979 quan·

227 1009 462 1077 stumcumque
487 999 626 1060 interius
651 999 848 1060 iucundetur
875 1009 932 1060 aut
960 999 1007 1060 iu·

249 1098 384 1159 biletur:
413 1097 490 1175 quia
518 1097 583 1157 cito
611 1114 769 1173 praesens
798 1097 921 1157 laetitia
949 1113 1008 1174 per

249 1196 379 1257 diversa
398 1194 589 1256 distrahitur
604 1195 779 1256 obstacula.
811 1195 881 1255 Nec
896 1205 1005 1256 tamen

249 1293 281 1354 id
310 1293 409 1354 nimis
435 1293 554 1352 mirum
577 1309 651 1352 cum
673 1293 818 1353 advenae
840 1293 947 1353 simus
976 1302 1007 1352 et

249 1390 411 1468 peregrini
435 1407 535 1467 super
551 1398 687 1465 terram3
710 1398 859 1450 ettotam
875 1400 1006 1467 tempus

214 1497 379 1549 ronostrae
401 1488 673 1566 peregrinationis
699 1489 800 1548 luctui
827 1489 931 1566 magis
953 1507 1006 1566 ap·

247 1595 315 1646 tum
339 1585 381 1646 sit
396 1602 492 1662 quam
513 1585 670 1646 laetitiae:
693 1595 725 1646 et
741 1586 824 1647 festa
838 1586 1006 1647 celebrare

248 1684 356 1760 potius
387 1691 513 1760 spectet
541 1683 580 1743 ad
609 1683 689 1744 caeli
720 1684 810 1744 cives
837 1702 937 1760 quam
966 1685 1006 1744 ad

248 1781 362 1844 exules
385 1781 470 1842 lilios
493 1781 589 1842 Evae.
633 1780 697 1842 Sed
718 1798 760 1842 ne
782 1782 925 1859 propriis
946 1783 1006 1842 mi·

247 1878 344 1939 seriis
366 1878 546 1940 deiciamur
568 1888 599 1940 et
620 1896 803 1957 gravemur,
824 1891 857 1942 et
879 1881 1007 1942 divino·

214 1996 238 2038 rs
248 1994 318 2037 rum
335 1977 570 2037 beneficiorum
583 1977 794 2037 immemores
807 1977 1006 2039 efficiamur:
1063 2039 1064 2042 ,

247 2074 387 2151 providit
409 2084 542 2136 aeterna
564 2074 624 2135 Dei
648 2075 816 2151 sapientia,
838 2085 870 2136 et
892 2087 1008 2137 sancta

247 2181 350 2233 mater
372 2172 511 2234 instituit
532 2172 689 2249 ecclesia;
711 2182 871 2249 quatenus
893 2172 927 2232 in
950 2175 1007 2234 de·
1062 2153 1063 2195 ¹

246 2269 367 2331 siderio
389 2269 517 2330 animae
539 2270 678 2347 singulis
700 2271 794 2330 annis
817 2270 944 2331 Christi
973 2280 1006 2332 et
1061 2253 1062 2303 ¹

246 2377 433 2429 sanctorum
451 2368 523 2429 eius
538 2378 674 2445 agantur
688 2367 876 2429 sollemnia:
898 2378 935 2428 ut
949 2370 1006 2429 de·
1060 2363 1061 2409 ¹

210 2465 334 2526 aovotio
356 2465 530 2540 excitetur,
557 2465 639 2526 lides
660 2465 847 2542 incalescat,
868 2475 901 2526 et
922 2467 1006 2526 cari·
1059 2477 1060 2517 l

246 2575 296 2624 tas
323 2572 487 2641 augeatur.
531 2564 614 2624 Nam
643 2574 732 2625 tanto
754 2564 904 2624 devotius
929 2565 1007 2640 quis
1058 2619 1059 2624 ,

247 2661 330 2722 lesta
344 2661 496 2737 celebrat,
518 2661 713 2739 digniusque
736 2663 769 2722 in
791 2661 915 2722 sanctis
932 2662 1005 2722 suis
1057 2713 1058 2733 ,

247 2759 352 2820 Deum
382 2760 536 2819 honorat:
567 2769 688 2835 quanto
717 2759 751 2818 in
782 2758 898 2834 spiritu
927 2760 1006 2835 plus
1056 2805 1057 2841 ,

244 2855 382 2933 prolicit,
404 2867 437 2916 et
457 2857 497 2916 ad
519 2873 664 2917 amorem
685 2856 886 2917 aeternitatis
906 2859 1005 2918 sela·
1055 2895 1056 2949 q

209 2953 311 3015 zatius
332 2955 486 3015 extendit.
525 2955 702 3030 Propterea
723 2954 811 3014 enim
826 2954 918 3014 venit
933 2954 1006 3014 Lux
1054 2997 1055 3057 1

244 3051 277 3112 in
301 3052 469 3123 mundum,
491 3061 526 3111 ut
547 3052 633 3112 viam
653 3051 749 3112 nobis
762 3051 1005 3112 demonstraret

244 3151 284 3210 ad
296 3149 439 3210 caelum:
455 3160 490 3209 ut
504 3166 562 3209 cor
575 3163 723 3210 nostrum
738 3148 772 3208 in
788 3149 839 3208 sui
854 3166 1002 3209 amorem

244 3248 454 3317 accenderet,
483 3259 515 3308 et
543 3248 709 3308 acunctis
735 3248 876 3308 terrenis
897 3259 1003 3308 extra·
1051 3211 1053 3302 ¹

244 3345 354 3415 heret3
383 3355 418 3404 ut
446 3344 542 3404 nobis
564 3345 675 3404 lumen
698 3345 789 3404 daret
809 3344 1002 3420 sapientiae,
1051 3311 1052 3381 ¹

207 3453 276 3504 siet
305 3442 456 3502 tenebras
486 3441 612 3518 fugaret
632 3441 850 3518 ignorantiae:
879 3452 915 3502 ut
939 3460 1001 3503 nos

244 3555 345 3599 unum
374 3555 488 3598 secum
517 3537 665 3598 efficeret
695 3539 870 3614 participes
899 3542 1000 3616 regni,

611 3643 638 3684 sa
