2128 4190
71 473 391 527 mmm
428 474 472 526 [26]
507 474 828 528 QQQQQ

72 606 232 668 illuminat
267 624 401 668 caecos:
442 606 536 684 erigit
571 608 690 684 elisos,
725 608 828 685 diligit

72 703 185 767 iustos.
218 706 256 767 Et
277 721 377 782 quare
400 705 490 765 hoc?
519 705 681 781 Proiecto,
703 715 738 765 ut
758 705 827 766 vin·

71 804 142 863 cula
169 814 377 881 peccatorum
400 813 586 863 nostrorum
610 805 769 879 solveret,
796 813 828 863 et

71 902 214 961 maculas
230 902 348 978 pedum
364 902 523 961 ablueret:
539 918 622 978 quae
637 902 827 962 multotiens

71 1001 307 1060 contrahuntur
332 999 365 1058 in
393 999 606 1059 discurrendo
633 999 849 1059 ambulandoa

71 1097 239 1172 spatiando
255 1098 396 1158 ludendo
412 1098 568 1158 saltando.
600 1095 629 1158 O
646 1114 742 1174 quarn
757 1115 826 1174 gra-

70 1194 153 1255 viter
175 1206 328 1272 peccant,
357 1195 411 1272 qui
435 1211 596 1271 pauperes
618 1197 826 1256 conculcant:

71 1293 124 1367 qui
152 1293 336 1370 pompatice
363 1294 559 1370 procedunt3
584 1293 638 1370 qui
668 1295 827 1354 tumultus

71 1390 103 1449 in
118 1392 261 1452 ecclesia
275 1391 426 1466 excitant,
441 1401 473 1451 et
485 1400 616 1451 orantes
632 1391 825 1468 impediunt:

71 1489 124 1563 qui
157 1490 278 1549 multos
307 1488 370 1548 levi
401 1489 591 1565 evagatione
621 1500 653 1549 et
681 1489 827 1549 moribus
839 1505 863 1544 ιο

71 1585 298 1665 incompositis
327 1587 556 1647 scandalizant.
599 1587 668 1646 Vae
696 1587 745 1647 eis
772 1588 826 1664 qui

71 1695 203 1762 propter
224 1686 365 1746 taedium
388 1687 463 1746 boni
485 1686 594 1763 operis
616 1696 648 1746 et
663 1686 838 1768 defectum·

72 1781 272 1844 devotionis:
294 1794 455 1861 quaerunt
471 1784 712 1844 consolationes
727 1783 760 1843 in
776 1801 827 1843 ru-

74 1881 218 1941 moribus
240 1891 271 1942 et
292 1881 432 1959 negotiis
448 1881 601 1942 externis.
634 1881 689 1942 Isti
706 1881 826 1942 etenim

73 1976 98 2035 si
121 1995 187 2038 uno
210 1980 301 2039 clavo
323 1979 450 2038 timoris
467 1978 599 2039 Domini
621 1990 733 2039 essent
752 1995 863 2038 con-rs

75 2073 136 2151 lixi,
156 2088 326 2137 manerent
341 2076 453 2153 utique
469 2076 609 2136 libenter
622 2076 706 2152 apud
723 2087 827 2136 semet

73 2170 160 2246 ipsos
177 2172 311 2234 solitarii
328 2173 497 2250 cogitando
511 2173 551 2232 de
566 2173 719 2249 passione
731 2173 826 2235 Chri-

73 2269 129 2345 sti3
155 2281 210 2331 aut
236 2271 276 2330 de
302 2270 473 2347 scripturis
496 2271 618 2331 sanctis
639 2271 760 2348 aliquid
783 2273 826 2332 le-

74 2378 194 2444 gerent,
216 2369 302 2429 unde
318 2368 503 2444 compuncti
522 2369 779 2428 accenderentur
794 2369 826 2428 in

74 2481 215 2526 amorem
253 2465 396 2527 Christi:
431 2482 490 2542 per
524 2482 621 2542 quem
658 2465 862 2527 vincerentao

74 2566 180 2625 omnia
191 2581 306 2641 aspera
321 2574 353 2624 et
364 2564 471 2624 dulcia
481 2563 604 2623 mundi.
622 2562 714 2623 Beati
726 2563 827 2639 pedes

75 2676 195 2738 eorum,
211 2662 265 2739 qui
281 2662 321 2722 ad
335 2661 531 2722 audiendum
548 2662 684 2722 verbum
697 2661 758 2720 Dei
774 2679 826 2736 pa·

75 2761 129 2820 rati
146 2771 238 2821 sunt:
261 2759 315 2837 qui
339 2759 472 2820 omissis
488 2758 581 2819 vanis
599 2759 637 2818 ad
653 2758 825 2819 ecclesiam

75 2868 262 2935 properant;
279 2858 415 2917 orationi
428 2874 526 2933 saepe
538 2857 740 2932 incumbunt,
753 2872 826 2915 sen·

75 2970 129 3016 sus
137 2959 176 3018 ab
185 2957 376 3033 evagatione
387 2955 600 3032 restringunt:
612 2964 646 3014 ut
657 2970 730 3014 cum
743 2954 827 3012 bona
835 2968 862 3009 25

77 3054 273 3115 conscientia
288 3053 405 3113 dicant.
427 3051 477 3112 Ab
493 3052 581 3112 omni
598 3052 650 3111 via
661 3053 744 3112 mala
754 3069 826 3128 pro·

76 3149 161 3212 hibui
178 3152 279 3228 pedes
290 3167 395 3210 meos:
412 3159 446 3209 ut
462 3149 642 3209 custodiam
653 3150 752 3209 verba
763 3160 825 3209 tua.

78 3244 164 3310 Beati
187 3249 289 3326 pedes
310 3248 365 3325 qui
388 3255 571 3325 sequuntur
592 3247 729 3324 vestigia
751 3249 825 3307 Iesu

77 3361 176 3424 usque
205 3348 244 3407 ad
273 3362 422 3422 crucem3
450 3356 482 3406 et
509 3355 618 3405 amant
645 3345 688 3404 ibi
718 3345 826 3421 potius

78 3452 157 3504 stare
187 3454 219 3505 et
247 3461 321 3504 cum
351 3444 455 3504 Maria
486 3445 628 3520 plorare:
660 3461 755 3520 quam
786 3444 861 3503 adao

78 3542 185 3614 epulas
207 3542 254 3602 ire
277 3551 309 3602 et
331 3542 526 3618 spectaculis
548 3543 719 3602 interesse.

428 3647 469 3688 aaa
676 3642 716 3686 ro·
