2144 4194
192 441 233 493 63
250 441 423 493 [SERMONES
436 441 474 484 DE
485 441 553 484 VITA
563 441 599 484 ΕΤ
610 441 758 485 Pnsslone
770 440 895 493 DOMINI]
910 441 955 494 Ζῶ

193 583 247 633 aut
274 573 437 651 facienda,
468 593 533 636 non
563 575 619 636 tibi
649 576 708 636 sed
737 576 815 636 mihi
846 585 951 636 totum

192 671 339 732 ascribis.
365 673 403 733 Et
418 683 495 733 tunc
510 690 562 733 me
578 674 802 750 amplecteris;
819 674 951 750 quando

192 769 307 829 intimo
343 771 451 831 cordis
487 770 620 832 affectu
642 782 674 832 te
709 771 788 832 mihi
820 771 950 831 unitum

192 868 306 942 sentis,
317 876 349 928 et
364 877 428 928 tam
444 869 597 928 ardenter
610 869 776 946 astringis:
792 878 827 928 ut
842 877 951 928 totus

169 982 306 1025 smeus
329 982 404 1026 esse
425 967 519 1043 velis,
542 967 697 1027 etnihil
720 966 795 1026 tibi
819 966 865 1025 de
883 966 950 1041 pri-

191 1073 265 1124 vato
288 1080 398 1123 amore
420 1080 581 1124 reservas,
617 1063 707 1123 Tunc
727 1062 849 1140 poteris
871 1080 949 1122 cum

191 1177 312 1236 sponsa
334 1160 366 1219 in
390 1160 525 1220 canticis
540 1160 659 1220 dicere.
689 1161 837 1220 Dilectus
852 1176 951 1220 meus

191 1257 271 1317 mihi
294 1268 326 1319 et
348 1276 408 1335 ego
430 1259 494 1319 illi:
521 1259 575 1336 qui
598 1259 743 1334 pascitur
764 1259 849 1319 inter
870 1258 950 1318 lilia.

191 1355 225 1416 Si
242 1366 273 1416 te
289 1367 404 1433 sponte
416 1357 631 1434 relinqueres,
647 1367 678 1417 et
693 1356 802 1416 omnia
816 1365 950 1416 terrena

157 1453 428 1530 rovilipenderes;
450 1471 510 1532 ego
530 1463 561 1514 te
577 1454 610 1514 in
626 1471 736 1514 meum
753 1453 947 1514 familiarem

190 1552 387 1628 reciperem:
410 1560 442 1612 et
465 1553 497 1612 in
520 1552 694 1613 virtutibus
710 1551 843 1612 divitem
861 1551 948 1610 lace-

189 1666 268 1710 rem.
312 1649 377 1727 Qui
401 1650 488 1710 enirn
511 1650 591 1710 mihi
614 1651 751 1710 devotus
775 1649 889 1724 luerit,
911 1659 946 1710 et

189 1756 275 1808 totus
297 1747 442 1807 deditus:
472 1764 531 1823 ego
555 1764 611 1808 ero
633 1747 679 1806 illi
703 1764 833 1806 rursum
856 1756 945 1806 totus

189 1861 228 1904 ex
259 1855 326 1906 toto
357 1854 506 1921 apertus;
537 1845 613 1922 quia
643 1844 717 1904 ideo
748 1861 821 1904 sum
852 1846 945 1906 Deus

154 1943 286 2003 rshomo
308 1943 511 2004 incarnatus:
541 1952 576 2003 ut
596 1944 695 2002 homo
724 1942 757 2002 in
780 1954 946 2003 incesset

188 2050 344 2116 perpetue
364 2041 487 2102 beatus.
518 2041 600 2101 Dedi
618 2057 669 2100 me
685 2051 787 2101 totum
803 2041 945 2101 homini:

189 2147 223 2198 ut
244 2138 342 2199 homo
364 2148 451 2199 totus
474 2149 563 2200 esset
584 2139 713 2199 deditus
735 2139 824 2199 mihi.
859 2139 944 2199 Nam

188 2235 324 2296 deliciae
347 2253 439 2296 meae
462 2253 537 2297 esse
559 2254 633 2297 curn
657 2237 735 2297 liliis
755 2237 945 2312 hominum;

187 2333 306 2410 quibus
318 2334 392 2394 veni
409 2333 486 2394 dare
501 2334 598 2394 etiam
611 2351 746 2411 regnum
762 2335 944 2394 caelorum:

150 2441 218 2491 acet
240 2447 299 2507 per
320 2440 541 2508 contemptum
567 2432 677 2492 mundi
700 2423 882 2508 perducere
904 2431 943 2490 ad

187 2537 355 2588 aeternum
379 2529 579 2589 consortium
602 2530 802 2606 angelorum.

186 2706 245 2767 ΑΙ)
264 2705 444 2766 ΒΕΑΤΑΜ
462 2706 698 2781 VIRGINEM,
713 2705 768 2766 VT
784 2704 942 2767 OSTEN·

209 2802 295 2864 DAT
312 2803 446 2865 NOBIS
466 2804 599 2864 IESVM
618 2804 767 2864 FlLlVM
784 2803 918 2864 SVVM.

534 2917 589 2980 [le

148 3035 175 3076 25
184 2961 437 3188 &fflidultavit
449 3018 582 3092 spiritus
596 3033 703 3077 meus:
725 3018 758 3076 in
774 3018 840 3077 Deo
854 3018 941 3076 salu-

318 3118 381 3176 tan'
416 3133 494 3176 meo.
547 3117 661 3177 Exulta
696 3116 793 3176 hodie
828 3125 941 3175 sancta

185 3215 306 3275 Maria:
328 3231 432 3275 novae
447 3215 563 3274 salutis
577 3214 708 3290 pariens
723 3213 848 3292 gaudia.
881 3213 941 3272 Ex-

184 3313 250 3373 ulta
277 3323 381 3372 mater
407 3313 541 3373 intacta:
571 3312 647 3388 quia
675 3312 731 3372 tibi
751 3321 942 3388 perseverat

182 3410 377 3488 virginitatis
407 3410 521 3470 florida
547 3409 659 3486 gloria.
703 3409 818 3470 Exulta
849 3409 941 3486 virgo

145 3525 358 3584 sopuerpera:
381 3508 457 3586 quia
479 3526 497 3567 a
519 3507 691 3567 maledicto
713 3517 745 3567 et
765 3508 940 3582 obprobrio

544 3614 581 3653 lll
