2074 4198
226 446 267 498 Εἷς
285 445 458 498 [SERMONES
470 445 509 488 DE
519 445 586 488 vtrn
598 445 633 488 ET
644 443 796 488 passione
808 445 950 498 DOMINI]
979 448 1024 499 ξ(

227 590 296 640 erat
317 579 350 639 in
372 579 516 640 donariis
544 589 598 640 aut
620 579 768 640 cibariis:
801 580 890 640 haec
923 597 1024 657 pau¹

226 676 360 753 peribus
382 677 507 754 erogari
531 677 677 737 iaciebat.
708 676 856 737 Proinde
879 695 1025 755 super·

228 773 325 834 fluam
342 792 452 836 rerum
468 793 579 836 curam
596 774 753 851 perfectis
769 776 1029 837 sectatoribus

226 873 297 933 suis
323 873 505 934 interdixit:
534 872 770 934 infirmioribus
792 883 910 933 autem
937 874 1026 935 ira-

202 970 330 1030 stribus
352 971 539 1032 necessaria
554 971 639 1032 vitae
662 970 817 1030 clementi
841 971 1026 1034 bonitate

226 1070 400 1131 concessit.

267 1168 428 1228 Suadebat
450 1167 624 1245 aliquando
646 1167 676 1227 ei
700 1168 836 1243 Petrus,
860 1168 928 1228 tria
957 1170 1021 1229 fa-

225 1265 342 1325 bricari
353 1266 573 1340 tabemacula‚
590 1281 664 1325 cum
679 1264 712 1324 in
724 1275 838 1325 monte
855 1267 1018 1328 caelesti

225 1362 353 1423 visione
395 1362 559 1424 frueretur
594 1362 761 1439 stupiduS,
801 1366 1016 1439 praesentia

192 1474 216 1516 10
227 1461 301 1520 lesu
324 1460 453 1522 clariori
469 1471 500 1522 et
515 1471 703 1521 sanctorum
720 1460 832 1538 Moysi
849 1471 883 1522 et
902 1462 1014 1523 Eliae

225 1558 390 1618 consortio
406 1558 599 1618 delectatus:
622 1557 680 1617 sed
696 1557 729 1616 in
750 1559 811 1617 hac
826 1559 1012 1634 petitione

225 1655 301 1731 quia
322 1655 432 1716 minus
454 1655 666 1732 congruentia
687 1656 819 1732 petebat
845 1673 915 1717 non
943 1668 1010 1719 est

226 1753 414 1829 exauditus3
430 1754 505 1830 quia
521 1753 647 1815 Christi
664 1763 695 1814 et
710 1753 883 1814 beatorum
899 1756 1009 1816 habi·

225 1851 302 1912 tatio
324 1868 390 1911 non
411 1851 444 1910 in
460 1850 600 1911 terrenis
616 1850 846 1926 tabernaculis
868 1868 933 1912 nec
964 1853 1005 1912 in

192 1947 393 2024 rscorporeis
424 1947 620 2024 imaginibus
651 1946 820 2008 consistit:
857 1950 917 2009 sed
961 1950 1002 2010 in

227 2045 378 2105 caelestis
394 2043 484 2120 regni
500 2042 672 2103 mansione
695 2042 794 2116 felici,
817 2061 903 2120 quae
920 2061 1001 2106 om-

227 2160 301 2203 nem
329 2158 464 2202 sensum
494 2152 526 2200 et
555 2140 739 2201 mortalium
763 2140 997 2217 cognitionem

226 2240 362 2300 excedit.
415 2240 453 2299 Et
484 2239 616 2315 quidem
649 2247 774 2315 poterat
812 2239 1000 2302 fabricator

226 2338 306 2398 caeli
336 2347 367 2397 et
395 2346 501 2397 terrae
525 2338 618 2397 Iesus
648 2336 729 2396 iabri
758 2335 846 2396 iilius
868 2337 997 2412 dictus

189 2435 321 2495 noiacile
350 2436 491 2495 condere
517 2435 650 2494 domum
672 2435 724 2494 vel
747 2435 905 2510 templum
930 2455 995 2496 no-

225 2532 303 2592 mini
334 2550 394 2592 suo
422 2532 520 2593 etiam
549 2532 672 2608 absque
694 2531 803 2591 securi
827 2543 859 2591 et
880 2534 994 2594 ascia:

224 2631 282 2690 sed
305 2631 457 2691 caelestis
480 2630 635 2707 magister
656 2638 688 2689 et
703 2628 820 2689 artifex
836 2631 989 2692 omnium

223 2727 379 2788 virtutum
412 2745 478 2788 non
510 2737 644 2805 propter
672 2726 853 2802 corporalia
881 2729 989 2790 refor-

225 2826 341 2886 manda
369 2826 538 2887 descendit
567 2826 606 2886 ad
628 2825 710 2901 ima;
738 2825 893 2901 quoniam
914 2843 985 2886 non

186 2924 263 2984 25de
292 2923 389 3001 lignis
411 2933 443 2984 et
465 2923 644 2999 lapidibus,
672 2923 800 2982 nonde
822 2923 928 2983 bobus
952 2935 986 2984 et

223 3022 421 3098 pecudibus,
450 3039 515 3080 non
538 3021 578 3081 de
603 3020 745 3096 praediis
767 3030 800 3081 ct
822 3020 981 3082 reditibus

223 3119 268 3179 illi
293 3137 370 3179 cura
392 3118 512 3179 extitit:
534 3120 592 3179 sed
615 3118 655 3178 de
677 3118 848 3179 animabus
865 3136 980 3180 curan·

223 3217 283 3291 dis,
311 3216 513 3277 instruendis
541 3234 578 3276 ac
607 3216 817 3277 redimendis.
865 3218 977 3279 Decla-

222 3313 304 3374 ravit
319 3323 426 3375 autem
448 3315 625 3390 potentiam
646 3332 738 3374 suam
762 3313 856 3374 iactis
876 3316 976 3391 potio-

185 3409 322 3485 mribus,
344 3409 499 3470 sanitates
521 3409 720 3485 perficiendo
742 3419 828 3470 tactu
844 3412 908 3473 levi
923 3423 974 3475 aut

222 3507 319 3568 unico
343 3509 463 3582 verbo;
492 3507 684 3583 sapientiam
714 3524 845 3583 quoque
867 3511 973 3572 docuit

582 3613 619 3654 roo
