2144 4194
218 419 259 470 GN:
277 416 449 468 [SERMONES
462 418 500 459 DE
510 416 577 460 Vtin
589 416 624 458 ΕΤ
636 416 785 460 PASSIONE
796 417 925 468 DOMINI]
942 417 986 468 (f)

220 560 284 611 tate
302 550 416 610 David.
447 551 485 610 Et
507 550 593 626 quod
608 550 702 610 vobis
718 550 847 627 signum
863 550 984 611 dedit?

221 648 401 709 Invenietis
417 647 460 708 ait
475 647 634 707 iniantem
650 649 767 725 pannis
777 648 982 709 involutum:

221 757 252 807 et
274 746 417 823 positum
448 745 481 805 in
510 745 691 822 praesepio.
735 746 773 805 Et
801 746 880 822 quid
905 764 982 806 can·

219 853 371 904 taverunt
400 842 505 919 angeli
535 843 667 903 sancti?
716 843 832 905 Gloria
861 843 895 904 in
925 861 980 904 ex·

196 941 318 1002 scelsis
340 942 412 1001 Deo
441 950 669 1002 cantaverunt:
699 950 731 1002 et
753 943 786 1002 in
808 953 895 1003 terra
915 960 980 1019 pax

219 1039 407 1100 hominibus
436 1040 541 1100 bonae
568 1041 745 1101 voluntatis
774 1041 979 1101 addiderunt.

220 1138 258 1198 Et
279 1146 352 1214 post
374 1139 455 1197 haec
477 1137 555 1214 quid
577 1155 637 1198 vos
665 1136 819 1199 fecistis?
862 1137 976 1199 Statim

219 1253 292 1296 cum
324 1235 532 1296 festinatione
561 1245 594 1297 et
621 1237 737 1313 gaudio
763 1235 978 1297 transivimus

218 1350 324 1410 usque
340 1334 529 1393 Bethleem:
553 1343 585 1394 et
607 1334 794 1394 invenimus
810 1334 919 1393 Iesum
942 1333 977 1393 in

184 1430 390 1508 inpraesepio
419 1431 591 1491 iacentem.
634 1431 663 1493 Ο
694 1431 737 1491 mi
762 1432 840 1508 quid
863 1431 978 1491 audio:

217 1546 315 1604 quarn
343 1529 438 1588 dulce
468 1537 572 1588 estet
594 1528 773 1589 iucundum
796 1529 883 1606 quod
905 1546 978 1605 per·

218 1624 313 1700 cipio
364 1624 493 1686 Sufficit
523 1625 603 1685 mihi
635 1626 741 1686 modo.
791 1627 915 1686 Vadam
945 1637 978 1688 et

216 1722 334 1782 videbo
357 1725 445 1783 hunc
466 1740 623 1800 puerum:
648 1734 821 1800 antequam
845 1723 976 1784 moriar.

218 1820 392 1896 Expectare
408 1831 516 1881 tamen
527 1821 707 1898 paulisper3
722 1821 775 1881 ibo
786 1821 976 1883 vobiscum:
1063 1833 1064 1838 ’

183 1930 249 1983 rset
264 1918 442 1995 hospitium
459 1936 560 1979 unum
577 1917 638 1979 erit
653 1919 798 1979 omnium
815 1931 976 1981 nostrum.

219 2017 256 2076 Et
271 2033 331 2076 vos
354 2016 459 2093 angeli
482 2034 597 2077 omnes
613 2017 814 2077 concurrite:
837 2026 869 2077 et
885 2028 976 2078 recto

217 2113 335 2174 itinere
350 2113 389 2173 ad
410 2130 569 2190 praesepe
586 2113 711 2174 Christi
727 2131 780 2174 me
795 2115 977 2190 perducite.

217 2210 351 2288 Aperite
381 2210 461 2270 mihi
490 2211 608 2287 Ioseph
638 2220 670 2270 et
698 2211 822 2288 Maria3
851 2212 977 2289 aperite

217 2308 336 2368 ostium
366 2307 475 2368 dilecti
504 2307 586 2368 mei:
615 2318 650 2369 ut
678 2309 848 2386 ingressus
870 2311 977 2370 taber-

180 2429 206 2470 ao
216 2406 368 2466 naculum
381 2405 463 2481 eius,
478 2406 609 2466 adorem
622 2418 733 2467 sancta
743 2406 882 2484 vestigia
891 2408 975 2470 eius

218 2502 344 2564 Omnes
367 2520 461 2580 reges
482 2513 589 2564 terrae
612 2504 839 2565 desiderabant
860 2504 976 2565 videre
1063 2505 1064 2538 ³

218 2601 334 2661 faciem
358 2600 559 2662 Salomonis:
592 2610 623 2661 et
645 2602 757 2662 audire
779 2601 974 2678 sapientiam

217 2699 298 2759 eius.
342 2699 380 2758 Et
409 2716 487 2759 ecce
515 2700 589 2776 plus
613 2717 709 2778 quam
733 2700 887 2761 Salomon
910 2701 974 2760 hic.
1063 2687 1064 2724 ³

218 2795 321 2857 Sinite
338 2813 414 2873 ergo
430 2814 483 2857 me
499 2798 650 2858 introire:
667 2809 701 2858 ut
717 2798 890 2859 deosculer
905 2816 975 2859 sca·

179 2894 337 2960 25bellum
353 2895 472 2971 pedum
489 2896 570 2956 eius.
600 2897 663 2956 Hic
679 2905 729 2957 est
748 2896 835 2956 enirn
852 2897 893 2957 de
909 2914 974 2973 quo
1063 2911 1064 2970 ζ

216 2993 395 3070 praelocuti
419 3002 496 3052 sunt
518 2996 712 3071 prophetae3
735 3012 831 3071 quem
848 3011 974 3055 annun·
1063 3019 1064 3036 ¹

215 3089 378 3150 tiaverunt
402 3091 524 3166 angeli:
555 3109 652 3168 quem
676 3091 891 3153 visitaverunt
920 3111 973 3169 pa·
1063 3091 1064 3094 ’

215 3197 331 3247 stores.
361 3187 425 3247 Hic
447 3197 497 3247 est
519 3205 616 3264 quem
633 3206 753 3266 quaero
770 3207 867 3267 quem
884 3209 971 3252 amo:

214 3302 312 3361 quem
335 3285 447 3345 videre
469 3286 630 3347 desidero.
1063 3367 1064 3374 ἵ

178 3409 205 3450 30
257 3383 345 3459 Quid
361 3383 503 3460 trepidas
518 3384 626 3444 anima
640 3387 740 3446 mea?
767 3386 883 3448 Clama
898 3398 971 3466 pete
1063 3381 1064 3448 l

215 3482 324 3558 pulsa:
356 3483 460 3542 donec
489 3482 653 3558 aperiatur
680 3483 736 3544 tibi
765 3485 871 3547 ianua.
922 3488 970 3547 In·
1063 3489 1064 3532 ἐ

579 3588 605 3628 88
