2144 4194
86 630 179 680 tuum
210 635 346 678 eernere
375 617 528 693 cupienti.
572 616 683 693 Quare
712 612 843 673 voluisti

6 709 7 720 ’
87 718 119 777 in
136 717 297 777 mundum
312 716 443 790 venire;
461 715 488 775 si
504 731 570 774 non
586 713 636 773 vis
651 713 689 772 ab
705 709 844 771 homini-

87 815 149 874 bus
178 814 312 874 videri?
354 813 464 890 Quare
494 812 644 888 dignatus
673 828 709 871 es
737 808 844 884 nasci;

88 913 150 972 nisi
188 913 292 972 velles
328 911 423 972 etiarn
456 910 616 987 agnosci?
671 908 709 968 Et
744 924 844 984 quare

88 1011 140 1070 hic
164 1010 292 1086 elegisti
315 1009 409 1086 poni3
437 1008 501 1068 nisi
531 1018 565 1068 ut
587 1023 703 1084 posses
725 1005 866 1065 meliuss

6 1143 9 1162 ι
87 1109 241 1183 inveniri,
263 1117 295 1168 et
317 1107 524 1168 manifestius
540 1105 644 1166 videri
659 1122 696 1164 ae
712 1103 844 1164 teneri?

89 1207 162 1265 Non
194 1205 282 1282 potui
312 1206 350 1265 ad
380 1215 411 1265 te
439 1204 618 1264 ascendere
646 1203 680 1263 in
707 1201 844 1276 caelum,

89 1314 122 1363 ut
144 1313 176 1363 te
199 1303 362 1362 viderem:
384 1312 416 1362 et
438 1302 511 1362 ideo
533 1312 567 1361 tu
589 1300 708 1360 venisti
731 1299 842 1358 adme

89 1400 120 1460 in
146 1399 303 1459 mundum
336 1409 370 1459 ut
398 1408 430 1459 te
459 1416 567 1459 coram
597 1413 649 1456 me
678 1396 843 1455 haberem.

90 1498 162 1559 Noli
187 1514 264 1574 ergo
286 1508 318 1557 te
347 1496 426 1557 mihi
457 1513 592 1573 negare:
621 1494 765 1570 alioquin
789 1510 842 1553 me
855 1513 879 1554 ro

90 1597 177 1674 cogis
200 1597 337 1672 plorare.
381 1594 414 1655 Si
439 1612 502 1654 non
526 1594 575 1654 vis
598 1593 718 1668 videri;
742 1607 841 1667 quare

6 1739 8 1760 .
89 1703 119 1754 te
130 1694 316 1770 pastoribus
327 1693 507 1753 revelasti?
525 1693 607 1752 Nam
624 1691 670 1751 illi
681 1699 842 1750 venerunt

91 1792 281 1852 festinantes
310 1801 342 1851 et
370 1791 531 1850 viderunt.
581 1788 614 1849 Si
644 1788 694 1848 vis
726 1787 842 1862 latere3

6 1877 7 1914 i
89 1909 145 1950 cur
167 1907 279 1967 magos
301 1891 340 1949 ab
362 1890 487 1950 oriente
519 1888 557 1948 ad
586 1898 677 1948 tuum
700 1885 842 1946 cunabu-

88 1989 152 2047 lum
177 1989 272 2048 steila
299 1997 476 2063 praeeunte
505 1984 655 2046 vocasti?
697 1983 761 2044 Sed
790 1981 840 2041 vis
853 2005 877 2045 15

88 2087 199 2163 utique
223 2085 343 2145 videri:
368 2086 443 2161 quia
466 2085 546 2145 facis
568 2094 599 2144 te
621 2100 640 2142 a
661 2081 772 2141 multis
793 2079 841 2138 in-

6 2189 7 2206 ¹
89 2185 182 2261 quiri.
215 2184 297 2244 Volo
320 2201 396 2260 ergo
419 2193 450 2243 et
473 2201 533 2260 ego
555 2182 676 2242 videre.
706 2180 744 2239 Et
766 2177 842 2238 iicet

88 2299 151 2342 non
170 2299 244 2342 sum
260 2290 370 2357 pastor
385 2290 439 2340 aut
454 2297 521 2355 rex,
543 2296 616 2339 sum
631 2289 740 2339 tamen
755 2291 841 2335 unus

87 2379 140 2455 qui
164 2379 306 2439 libenter
326 2387 415 2439 esset
437 2378 476 2437 de
501 2377 650 2437 ovibus
672 2375 774 2436 tuis:
803 2385 841 2434 et
883 2433 888 2440 ,

87 2477 172 2553 regi
201 2476 317 2552 cupit
345 2494 363 2534 a
390 2475 596 2552 praelatis
625 2474 724 2534 suis.
767 2475 876 2535 Nisiao

6 2647 8 2666 Ι
86 2574 173 2634 enirn
202 2583 234 2634 te
264 2574 376 2634 videro
405 2590 470 2633 non
502 2573 685 2649 quiescam:
717 2582 748 2632 et
776 2573 839 2633 nisi

84 2681 213 2732 teneam
245 2688 311 2731 non
342 2671 465 2731 tacebo.
514 2670 670 2732 Concede
701 2687 778 2747 ergo
808 2681 840 2731 te

85 2769 163 2830 nrihi
180 2769 310 2830 videre:
332 2780 363 2830 et
378 2769 504 2829 videbis
520 2785 572 2829 me
587 2768 621 2827 in
636 2785 715 2844 pace
731 2769 839 2830 silere.

85 2867 130 2926 Tu
161 2884 197 2927 es
227 2868 315 2927 enirn
345 2868 484 2928 dilectus
513 2866 585 2927 iiie:
616 2884 714 2944 quern
743 2868 839 2944 cupio

85 2965 206 3025 videre.
232 2965 370 3026 Caelum
381 2975 468 3026 terra
480 2982 569 3025 mare
585 2974 617 3024 et
632 2964 741 3024 ornnia
756 2982 838 3040 quae
848 2985 875 3024 25

87 3062 117 3121 in
140 3062 190 3122 eis
213 3074 300 3137 sunt,
321 3080 386 3123 non
403 3080 481 3122 curo
499 3063 663 3139 aspicere:
686 3071 720 3121 ut
739 3073 770 3123 te
786 3065 838 3123 vel

86 3161 186 3220 sernel
202 3160 326 3235 possim
343 3161 516 3236 inspicere.
546 3160 666 3221 Omnia
687 3160 766 3221 mihi
784 3179 839 3221 an·

6 3247 7 3260 ¹
85 3266 176 3332 gusta
205 3266 282 3317 sunt
311 3266 343 3316 et
373 3275 472 3333 parva
502 3259 743 3334 comparatione
775 3260 837 3319 tui:

87 3356 187 3415 donec
209 3365 241 3415 te
263 3371 390 3414 merear
411 3355 523 3415 videre
545 3373 582 3414 ac
612 3355 685 3416 irui.
728 3356 837 3417 Semel

87 3451 171 3512 dico:
194 3452 253 3512 sed
275 3468 407 3528 semper
426 3461 513 3513 noto.
557 3453 724 3514 Modicum
746 3465 873 3530 petotao

84 3550 138 3608 sed
159 3550 292 3626 longum
309 3567 384 3609 esse
400 3550 520 3625 cupio·
536 3551 632 3610 Nunc
648 3569 725 3628 ergo
744 3553 836 3613 satis·

443 3655 480 3696 117
