2118 4186
76 462 839 517 wtffifflfflmmw

78 598 186 658 sancti
209 598 310 658 multa
332 597 418 673 passi
442 607 534 670 sunt,
563 595 622 656 sed
644 605 695 671 tu,
722 595 840 656 Sancte

78 705 289 770 sanctorum,
318 694 468 769 amplius.
513 693 596 752 Nam
626 693 839 754 tenerrimum

77 802 112 852 et
143 791 373 868 dignissimum
403 809 523 867 corpus
551 800 643 851 tuum
670 807 840 851 asummo

79 907 189 966 usque
221 889 374 949 deorsum
406 888 642 965 multiplicibus
674 888 777 965 plagis
809 897 840 948 et

78 987 276 1048 vulneribus
305 996 374 1047 erat
397 986 616 1062 dispunctam.
660 986 754 1064 Quae
778 986 863 1046 etsis

79 1085 304 1162 evangelistae
341 1102 407 1144 non
447 1084 603 1159 recitant,
645 1084 839 1161 quibusdam

78 1192 192 1243 tarnen
228 1182 355 1243 devotis
392 1181 496 1242 fuisse
532 1183 710 1243 revelatum
747 1181 839 1242 multi

78 1280 257 1356 affirmant,
278 1280 364 1340 sicut
384 1280 437 1340 his
453 1280 581 1340 duobus
598 1279 749 1340 versibus
765 1297 841 1339 con·

78 1379 215 1440 tinetur.

122 1477 739 1552 Septuagintaquinquequatercentum
749 1475 840 1536 milia
853 1496 877 1536 ιο

511 1575 675 1650 quinque:

128 1672 185 1733 Tot
205 1677 312 1750 fertur
332 1671 475 1734 Christus
500 1689 560 1747 pro
589 1672 679 1731 nobis
707 1673 840 1731 vulnera

508 1785 635 1846 passus.

80 1867 301 1930 Benedictum
314 1885 390 1944 ergo
401 1867 444 1928 sit
454 1884 586 1943 semper
596 1867 839 1928 sanctissimum

80 1975 115 2026 et
126 1965 402 2042 pretiosissimum
414 1983 534 2041 corpus
544 1974 635 2025 tuum
651 1964 840 2042 sanguineis
853 1981 877 2022 ιε

79 2063 183 2140 guttis
219 2072 377 2124 ornatum.
428 2064 511 2123 Nam
545 2062 644 2122 variis
675 2062 841 2123 incisioni·

79 2163 147 2222 bus
168 2178 324 2221 venarum
347 2162 546 2238 perforatum
570 2178 649 2220 suae
669 2160 841 2221 effusionis

82 2276 152 2319 non
181 2259 285 2335 potuit
313 2269 425 2320 tenere
447 2259 590 2319 modurn.
633 2259 719 2319 Vere
748 2267 782 2318 tu
805 2275 841 2317 es

82 2358 225 2418 dilectus
254 2375 348 2418 meus
379 2356 537 2418 candidus
568 2366 600 2416 et
630 2355 841 2429 rubicundus,

82 2457 211 2516 electus
233 2472 272 2515 ex
294 2454 443 2514 milibus:
472 2452 630 2513 candidus
652 2452 685 2511 in
705 2452 878 2528 virgine,2o

83 2553 288 2613 rubicundus
309 2552 343 2612 in
361 2569 469 2628 cruce,
492 2552 617 2611 electus
639 2550 672 2610 in
688 2561 842 2627 paternae

83 2649 207 2726 gloriae
223 2650 443 2710 confessione.
465 2649 495 2710 Ο
511 2647 751 2708 nobilissimum
773 2666 842 2709 cor-

84 2765 149 2826 pus
160 2747 269 2807 omnia
280 2764 416 2828 corpnra
426 2755 612 2807 sanctorum
624 2746 843 2822 sanctificans,

84 2862 203 2906 omnes
219 2845 396 2905 electorum
411 2845 536 2905 animas
547 2863 565 2904 a
576 2844 718 2921 peccatis
729 2862 842 2904 ernun·

85 2943 178 3016 dans,
201 2958 261 3001 ave
280 2958 367 3002 nunc
382 2942 626 3003 sanctissimum
644 2959 762 3018 corpus
779 2942 879 3001 Do·2s

86 3039 245 3100 minicum
267 3049 379 3100 natum
402 3058 442 3101 ex
464 3040 570 3101 Maria
593 3039 736 3116 virgine,
764 3055 843 3099 vere

85 3155 221 3216 passum
239 3137 441 3199 immolatum
464 3139 498 3199 in
513 3155 611 3199 cruce
626 3155 684 3214 pro
699 3135 843 3211 homine,

85 3237 252 3313 sepultum
275 3237 314 3296 ab
336 3236 525 3296 hominibus
547 3236 580 3295 in
605 3235 703 3295 corde
726 3244 843 3308 terrae,

84 3334 317 3397 resuscitatum
340 3353 359 3395 a
381 3336 451 3395 Deo
474 3334 568 3396 tertia
589 3333 652 3393 die.

124 3430 879 3506 Pretiosumestmihihocvenerabilecorpusao

85 3542 180 3592 tuum
199 3531 340 3607 Spiritus
355 3530 457 3590 sancti
473 3528 661 3605 operatione
677 3527 717 3587 de
739 3527 844 3603 puris·

445 3634 486 3676 an
