2128 4190
81 605 338 684 dicavitllgnum
351 623 426 666 esse
434 617 609 668 venturum
621 605 654 666 in
665 607 840 683 mundum3

80 704 137 781 qui
169 721 227 780 pro
254 706 358 765 salute
379 705 511 782 generis
533 705 666 764 humani
689 703 779 764 venit
799 705 839 764 ad

80 804 190 863 locum
220 803 400 879 passionis,
429 814 463 864 ut
485 803 657 879 perficeret
679 820 761 879 opus
783 819 839 862 no-

79 912 169 961 strae
182 901 432 977 redemptionis:
448 901 533 962 sicut
544 902 722 962 revelatum
735 901 840 960 iuerat

78 998 204 1058 sanctis
215 997 407 1075 patriarchis
419 1009 451 1058 et
461 998 639 1075 prophetis.
656 999 730 1058 Non
742 997 862 1057 decli-5

77 1095 170 1155 navit
198 1113 217 1155 a
245 1096 328 1155 facie
356 1096 565 1155 inimicorum
595 1112 746 1155 suorum:
777 1112 838 1154 nec

76 1194 248 1254 abhorruit
277 1194 383 1254 locum
414 1204 561 1254 sanctum
591 1203 722 1270 propter
748 1192 838 1252 mali-

75 1292 156 1352 tiam
186 1292 314 1368 populi3
346 1292 404 1351 sed
433 1308 507 1351 curn
537 1292 677 1352 maxima
705 1291 837 1352 caritate

75 1399 109 1449 et
139 1389 259 1464 pietate
285 1389 425 1449 accessit
446 1390 485 1449 ad
508 1389 637 1449 invidos
660 1398 691 1448 et
713 1389 836 1464 passio-

74 1497 189 1562 natos,
220 1497 255 1547 ut
283 1487 444 1564 mitigaret
472 1496 670 1547 cornmotos:
701 1487 837 1562 insuper
848 1506 872 1546 ro

73 1600 135 1659 pro
152 1601 265 1645 eorum
282 1585 473 1645 excessibus
489 1595 521 1644 et
536 1584 630 1644 malis
647 1585 764 1644 futuris
781 1585 835 1644 do-

74 1681 136 1742 luit
158 1699 195 1741 ac
212 1683 310 1743 flevit.
342 1683 416 1742 Non
433 1682 567 1743 attendit
583 1682 621 1741 ad
636 1682 786 1758 plausum
803 1692 835 1742 et

73 1780 206 1840 laudern
229 1780 417 1857 hominum3
439 1780 497 1840 sed
512 1780 551 1839 ad
567 1780 675 1840 futura
690 1780 835 1856 pericula

72 1877 274 1953 perfidorum
305 1879 417 1938 habuit
445 1878 575 1936 oculum
598 1888 761 1953 apertum:
791 1877 834 1937 ita

71 1975 190 2036 dicens
205 1978 245 2037 ad
261 1994 377 2038 secure
389 1980 555 2039 laetantes.
578 1978 664 2056 Quia
677 1979 704 2039 si
716 1995 833 2056 cogno·
845 1997 869 2037 rs

72 2074 185 2135 visses
210 2086 242 2136 et
263 2086 297 2136 tu
320 2094 402 2154 quae
425 2078 481 2137 tibi
504 2077 691 2137 imminent:
720 2077 832 2154 utique

72 2172 181 2248 magis
203 2173 332 2233 doleres
348 2186 379 2235 et
394 2193 522 2235 mecum
539 2176 646 2236 lieres.
678 2176 761 2236 Nam
778 2192 834 2235 cor

71 2270 235 2346 sapientis
262 2271 315 2330 ubi
343 2273 488 2334 tristitia:
520 2291 576 2332 cor
603 2284 711 2334 autern
743 2273 831 2334 stulti

72 2368 132 2427 ubi
162 2368 291 2428 laetitia.
335 2371 399 2429 Per
426 2369 588 2431 tristitiam
619 2371 705 2430 eninr
735 2370 833 2430 corri-

71 2466 164 2542 gitur
190 2466 319 2526 animus
346 2467 582 2545 delinquentis:
612 2477 643 2526 et
665 2484 723 2543 per
744 2468 869 2528 laeti-20

71 2564 155 2623 tiam
184 2564 373 2624 dissolvitur
401 2583 499 2643 saepe
528 2576 631 2626 status
662 2565 833 2642 religiosae

73 2662 207 2722 mentis.
241 2663 278 2722 Et
299 2673 387 2723 tanto
410 2662 618 2740 longinquior
640 2662 673 2723 fit
695 2665 793 2724 homo
815 2682 834 2724 a

74 2762 149 2820 Deo
178 2771 210 2820 et
237 2760 383 2837 frigidior
408 2761 441 2819 in
465 2777 500 2820 se
523 2760 611 2837 ipso:
638 2771 758 2837 quanto
781 2778 832 2821 oc-

74 2859 224 2934 cupatior
246 2868 277 2918 et
295 2857 477 2917 diuturnior
492 2859 525 2918 in
541 2857 671 2934 negotio
687 2869 832 2920 externo.

75 2952 174 3012 Dedit
206 2968 282 3029 ergo
312 2951 474 3011 Dominus
505 2955 678 3016 consilium
710 2958 868 3017 bonumas

73 3049 128 3109 his
157 3050 211 3126 qui
241 3050 274 3108 in
304 3050 428 3108 honore
451 3059 544 3126 sunt,
575 3062 607 3112 et
630 3055 832 3130 reputatione

72 3147 263 3223 hominurn,
290 3163 326 3205 ac
353 3146 509 3206 societate
531 3148 734 3210 delectantur
754 3152 831 3211 arni-

73 3259 202 3319 corum3
231 3253 392 3320 quatenus
419 3246 532 3305 oculos
560 3264 578 3305 a
604 3249 831 3323 praesentibus

72 3351 236 3401 avertant:
266 3350 298 3400 et
327 3358 423 3418 quarn
451 3355 585 3419 repente
612 3347 692 3405 haec
716 3346 831 3406 frivola

71 3438 189 3514 gaudia
208 3448 388 3515 transeunt,
410 3440 534 3502 intenta
549 3444 743 3520 cogitatione
759 3461 866 3519 per-ao

72 3536 224 3612 pendant.
273 3535 480 3615 Quapropter
508 3541 546 3600 ad
576 3557 674 3615 opera
703 3540 828 3601 Christi

430 3644 471 3685 255
