2144 4194
220 475 261 528 aa
279 473 451 527 [sanniones
463 473 580 516 orvrrn
590 470 625 514 ετ
636 469 784 514 passione
795 469 920 522 nonnn]
936 467 975 522 [a

222 618 408 669 sanctorum
438 609 670 685 prophetarum
701 607 850 666 devota
879 604 975 666 desi-

222 707 320 767 deria.
350 707 482 768 Intuere
497 705 594 766 etiarn
616 704 824 764 beatissimae
839 702 975 779 virginis

222 805 347 865 Mariae
361 804 415 880 pia
429 802 602 880 obsequia3
624 819 720 879 quarn
744 801 860 877 ingens
882 799 911 860 ei
935 799 976 859 sit

222 903 376 965 exultatio
392 919 466 962 curn
479 901 581 961 nobili
592 901 683 976 prole
698 917 773 960 sua:
789 915 885 976 quarn
902 899 975 958 sub-

198 1001 309 1061 slimis
330 999 572 1076 contemplatio,
593 999 705 1060 videre
726 997 788 1058 Dei
811 996 914 1057 filiurn
937 996 976 1056 de

221 1116 258 1160 se
279 1099 436 1176 genitum,
457 1107 532 1158 ante
547 1115 584 1158 se
599 1097 632 1157 in
653 1113 811 1172 praesepe
826 1096 976 1156 locatum.

222 1197 276 1258 Sic
300 1196 410 1257 omnia
439 1204 600 1273 pertracta
628 1204 660 1255 et
682 1193 869 1254 considera:
898 1202 976 1252 tarn·

222 1311 318 1371 quarn
341 1293 479 1370 singuiis
507 1291 767 1368 praesentialiter
787 1291 977 1350 interesses.

223 1392 297 1452 Non
328 1392 416 1451 enirn
441 1390 550 1451 minor
570 1390 666 1450 debet
688 1406 763 1449 esse
785 1387 924 1449 affectus
946 1397 978 1447 et

188 1507 212 1547 ro
222 1489 351 1550 devotio
379 1490 418 1549 ad
439 1489 501 1550 ista
523 1488 691 1565 cogitanda
713 1503 796 1565 quae
817 1486 881 1546 iarn
904 1495 977 1545 actu

221 1587 436 1648 transierunt:
459 1604 554 1664 quarn
572 1587 603 1646 si
626 1586 768 1647 eadem
791 1600 918 1644 coram
940 1592 977 1642 te

222 1686 346 1746 hodie
370 1684 469 1745 fieri
492 1700 702 1744 cerneres.
746 1683 879 1742 Maneat
900 1696 977 1756 ergo

222 1782 306 1859 apud
332 1792 364 1842 te
394 1781 575 1841 recordatio
604 1790 716 1841 sancta
744 1788 899 1840 renovata
920 1795 979 1855 per

223 1880 369 1956 singulos
391 1895 512 1955 ann0s3
533 1878 633 1938 immo
653 1895 719 1937 non
734 1887 858 1938 tantum
874 1875 979 1936 semel

189 1998 214 2039 15
222 1978 256 2038 in
271 1995 356 2037 anno
372 1977 665 2038 recordeturiesus
680 1984 775 2036 natus
790 1985 822 2035 et
837 1975 871 2034 in
886 1991 977 2050 prae·

222 2075 314 2151 sepio
343 2074 533 2134 collocatus:
563 2073 621 2134 sed
646 2073 777 2149 saepius
798 2073 864 2132 tuis
886 2088 978 2132 exer-

223 2173 308 2234 citiis
330 2171 553 2232 interseratur.
589 2172 708 2248 Magna
730 2171 768 2231 ab
791 2173 853 2230 hoc
875 2186 978 2247 puero

223 2271 359 2331 discitur
373 2269 549 2345 sapientia3
571 2285 686 2346 magna
707 2269 831 2345 puritas
846 2277 878 2328 et
899 2267 979 2344 pati·

224 2367 326 2427 entia:
349 2383 432 2443 quae
454 2375 553 2426 totam
575 2366 673 2426 vitarn
697 2377 783 2426 tuam
806 2364 979 2425 aedificare

187 2464 397 2526 aosufflciant.
426 2463 545 2524 Omnis
564 2464 727 2541 siquidem
744 2463 869 2526 Christi
886 2463 980 2538 actio,

223 2573 278 2623 tua
300 2571 350 2622 est
375 2561 563 2622 instructio:
592 2572 625 2622 et
647 2561 754 2622 ornnis
776 2562 848 2622 eius
870 2561 980 2636 passio

223 2670 278 2720 tua
300 2669 350 2720 est
372 2658 562 2719 consolatio.
594 2659 668 2735 lpse
691 2659 779 2718 eninr
802 2658 907 2719 factus
930 2667 980 2719 est

223 2758 280 2818 tibi
303 2768 335 2818 et
357 2757 445 2817 omni
468 2757 599 2833 populo,
624 2758 713 2817 salus
735 2767 767 2817 et
789 2757 980 2835 redemptio.

225 2857 329 2916 Docet
343 2865 375 2915 te
391 2855 540 2931 exemplo
556 2872 616 2915 suo
632 2855 735 2932 magis
750 2872 847 2932 quarn
862 2855 981 2930 verb03

188 2953 392 3015 asciticacius
407 2953 582 3029 persuadet
598 2953 691 3013 factis
706 2952 865 3030 propriis:
884 2969 980 3029 quarn

224 3344 414 3405 honoranda
430 3343 599 3404 festivitas
630 3343 667 3403 Et
682 3343 709 3402 si
727 3343 868 3403 exterior
883 3360 981 3403 vene·

188 3444 305 3505 roratio
334 3443 449 3503 transit
478 3459 551 3502 curn
583 3452 748 3518 ternpore:
777 3459 843 3501 non
872 3452 980 3502 tamen

226 3541 396 3618 diligens
418 3540 635 3600 consideratio
657 3539 807 3599 transibit
828 3551 980 3600 amente.

590 3644 617 3685 oa

224 3052 350 3112 actibus
365 3050 491 3110 alienis.
521 3049 658 3126 Semper
673 3068 750 3127 ergo
766 3067 851 3109 nova
865 3049 923 3109 tibi
940 3049 981 3108 sit
1063 3111 1064 3128 χ

224 3167 316 3209 sacra
332 3148 458 3210 Christi
474 3148 639 3208 nativitas:
659 3164 721 3207 nec
736 3164 890 3225 umquam
908 3147 979 3207 sine

224 3256 345 3308 attenta
380 3246 642 3306 consideratione
677 3256 880 3323 pertranseat
915 3255 979 3305 tarn
1063 3267 1064 3308 z
