2118 4186
243 433 284 485 ih*
301 432 475 485 [SERMONES
488 433 526 475 DE
536 433 604 476 VITA
614 433 649 476 ΕΤ
660 432 809 476 PASSIONE
821 433 948 484 Domini]
962 429 993 482 Kc>

245 571 329 629 dem.
363 568 460 627 Nulla
482 567 601 644 quippe
625 566 784 627 festivitas
800 566 993 638 sollemnior,

245 666 334 725 nulla
355 665 495 726 societas
517 665 699 740 iucundior,
721 666 811 725 nulla
830 663 993 724 delectatio

245 763 363 823 maior:
399 763 488 821 nulla
519 763 747 838 contemplatio
779 762 994 834 excellentior,

245 861 334 920 nulla
363 860 501 920 felicitas
531 861 674 937 dignior,
702 877 798 936 quarn
830 860 992 921 Christum

221 960 356 1020 svidere
379 959 411 1018 in
433 959 536 1035 gloria
557 977 617 1018 sua
638 957 770 1018 caelesti
786 975 861 1017 curn
878 958 993 1034 angelis

244 1057 385 1132 sanctis3
416 1055 620 1133 congregatis
649 1055 682 1114 in
711 1073 853 1131 superna
875 1068 909 1116 et
929 1058 993 1116 bea-

245 1154 371 1214 tissima
381 1154 510 1214 civitate
522 1153 700 1213 Ierusalem
712 1155 866 1214 omnibus
877 1153 994 1225 electis,

245 1253 278 1312 in
307 1254 437 1312 saecula
466 1254 672 1312 saeculorum
695 1269 770 1311 curn
794 1250 930 1311 Christo
952 1266 994 1309 re-

244 1350 407 1426 gnaturis:
439 1350 548 1426 impiis
579 1361 612 1410 et
642 1349 829 1410 infidelibus
859 1347 994 1408 aeternis

211 1465 235 1505 ro
246 1447 375 1524 ignibus
411 1465 485 1507 curn
521 1448 649 1508 diabolo
685 1446 811 1507 traditis
847 1463 885 1505 ac
916 1445 994 1504 iuste

245 1545 414 1605 damnatis.
448 1544 477 1604 Α
499 1547 619 1622 quibus
640 1545 735 1605 malis
756 1562 818 1605 nos
840 1543 995 1604 custodiat

245 1651 276 1702 et
292 1652 496 1719 praeservet3
514 1645 571 1703 sed
587 1661 661 1703 curn
678 1643 792 1703 electis
807 1643 878 1702 suis
892 1642 995 1718 potius

246 1752 420 1817 congreget
448 1750 481 1800 et
508 1743 546 1801 ad
574 1743 737 1802 dexteram
761 1739 794 1798 in
817 1757 918 1816 regno
940 1754 995 1798 suo

246 1839 437 1899 constituat:
461 1840 515 1916 qui
538 1856 597 1915 per
617 1839 803 1916 passionem
820 1846 853 1897 et
868 1852 994 1897 crucem

212 1954 305 1996 tanos
328 1937 489 1998 redimere
505 1937 654 2013 dignatus
669 1945 719 1996 est
734 1936 828 1995 Iesus
845 1933 995 1994 Christus

246 2033 408 2094 Dominus
429 2046 550 2095 noster.
592 2033 709 2094 Amen.

258 2212 314 2272 nra
339 2211 703 2287 nnsvnnracrroun
727 2207 987 2284 canisium

314 2309 557 2370 srrnrrvnnr
581 2307 929 2371 consonnrrour

528 2405 712 2466 nurnnn.

207 2521 234 2561 20
322 2566 347 2586 ,ω
572 2519 673 2582 [xan

242 2561 500 2780 fflfflurrexi
524 2624 555 2678 et
575 2619 681 2678 adhuc
703 2623 805 2678 tecum
827 2633 898 2677 sum
920 2617 993 2676 olle·

244 2677 258 2767 ᾗ
374 2717 452 2776 luia.
495 2717 566 2776 Vox
593 2715 719 2777 Christi
749 2726 799 2776 est
827 2715 867 2774 ad
896 2715 994 2776 eccle·

243 2815 341 2890 siam,
370 2823 401 2874 et
430 2814 469 2873 ad
499 2814 676 2890 quamlibet
705 2813 834 2873 lidelem
857 2813 993 2873 animam

243 2914 281 2972 de
305 2913 376 2972 eius
398 2911 551 2988 passione
574 2912 672 2972 nimis
692 2911 835 2972 tristem:
858 2921 891 2970 et
907 2908 995 2986 quasi

206 3009 330 3069 rsomni
354 3009 577 3069 consolatione
593 3010 759 3085 privatam.
792 3008 887 3067 Hanc
903 3007 995 3084 igitur

243 3106 398 3167 Christus
429 3125 447 3165 a
475 3116 579 3167 morte
610 3122 786 3183 resurgens
817 3106 850 3166 in
883 3105 994 3182 spiritu

242 3204 432 3280 alloquitur:
461 3205 544 3264 hanc
572 3203 713 3263 iucundo
736 3203 803 3263 oris
825 3203 876 3262 sui
901 3202 994 3262 aifatu

241 3301 477 3378 benignissime
502 3302 689 3360 consolatur
712 3300 835 3360 dicens.
879 3300 995 3360 Resur-

242 3399 310 3459 rexi
333 3410 365 3458 et
386 3399 491 3458 adhuc
514 3409 621 3458 tecum
643 3416 726 3459 sum.
759 3400 834 3458 Non
856 3416 931 3459 sum
952 3398 994 3458 tui

205 3496 375 3555 sooblitus:
398 3498 456 3555 sed
476 3513 620 3556 memor
641 3497 870 3572 sponsionis
893 3512 996 3557 meae

600 3601 641 3641 272
