2144 4194
203 461 243 512 ΘΣ
262 458 434 510 [SERMONES
447 461 485 503 DE
496 461 563 503 VITA
574 460 610 504 ET
623 460 771 503 PASSIONE
783 459 910 512 DOMINI]
927 461 974 513 ἴα)

204 596 342 656 habent:
365 605 397 655 et
412 594 445 654 in
468 593 592 654 lumine
613 594 688 655 fidei
704 604 855 654 aeternae
870 595 972 655 Veri-

203 692 278 753 tatis
307 694 418 752 lumen
447 692 618 768 aspiciunt.
660 692 798 753 Videtur
819 693 968 753 mundus

204 790 267 850 iste
295 790 435 850 visibilis
464 790 569 850 oculis
597 790 705 851 camis
727 790 823 850 etiam
845 791 885 849 ab
914 790 966 850 in-

205 887 355 948 fidelibus
377 897 410 947 et
430 888 580 964 paganis3
609 889 667 948 sed
694 888 766 964 ipse
788 887 969 949 invisibilis

181 985 366 1047 §Conditor
402 987 509 1062 orbiS‚
549 986 653 1046 oculis
694 985 838 1046 cernitur
872 1002 969 1045 men-

203 1083 245 1144 tis
267 1084 306 1143 ab
335 1083 554 1144 universis
577 1083 703 1145 Christi
726 1084 892 1144 fidelibus:
922 1101 967 1144 ex

203 1181 305 1242 totis
326 1182 592 1257 praecordiis
615 1181 817 1244 Christum
840 1198 966 1242 aman-

203 1279 327 1340 tibus.
382 1281 464 1340 Nam
502 1281 675 1340 credere
711 1281 744 1340 in
781 1280 968 1356 Christum,

203 1389 340 1439 mente
371 1395 548 1438 cernere
579 1388 656 1439 est:
692 1389 731 1439 et
765 1378 970 1438 ardenter

169 1492 355 1551 mamare,
378 1476 512 1552 ipsum
535 1486 671 1536 tenere
693 1487 761 1538 est.
798 1476 851 1537 Sic
871 1476 962 1536 enim

203 1573 356 1633 videbant
371 1590 446 1633 eum
459 1575 562 1634 sancti
578 1575 779 1650 patriarchae
795 1582 826 1632 et
836 1573 963 1650 antiqui

203 1672 397 1746 prophetae:
420 1671 475 1748 qui
497 1672 593 1748 longe
608 1682 682 1733 ante
698 1672 872 1733 adventum
888 1672 966 1732 eius

206 1769 452 1844 praedixerunt:
482 1779 513 1829 et
542 1771 643 1830 multa
667 1770 707 1830 de
729 1788 768 1831 eo
790 1771 965 1847 propheta-

205 1877 332 1927 verunt.
376 1867 558 1943 Prophetae
589 1885 730 1944 namque
759 1869 836 1928 olim
864 1885 963 1930 voca·

168 1967 320 2025 rebantur
334 1965 498 2026 videntes:
514 1965 589 2042 quia
604 1983 701 2042 quem
717 1967 817 2026 ceteri
833 1966 962 2027 nescie-

204 2064 280 2123 bant
295 2062 543 2138 praevidebant:
559 2071 590 2122 et
600 2062 673 2122 aliis
684 2062 833 2139 indoctis,
849 2064 962 2124 verbis

204 2170 235 2221 et
257 2160 388 2236 scriptis
417 2161 487 2220 suis
508 2160 676 2221 insinuare
699 2162 862 2222 curabant.
904 2161 963 2222 Sic

203 2258 300 2318 etiam
323 2268 355 2318 et
370 2275 430 2318 nos
446 2258 617 2320 Christum
633 2258 794 2334 videmus,
816 2259 871 2336 qui
887 2269 964 2334 post

204 2355 276 2415 eius
307 2355 563 2415 incarnationem
592 2356 632 2416 ad
663 2355 759 2416 tidem
791 2356 965 2433 venimus;

167 2454 280 2529 zoquia
301 2464 418 2513 cuncta
439 2470 522 2529 quae
544 2453 584 2513 de
607 2470 645 2513 eo
673 2454 812 2530 legimus
832 2454 883 2514 vei
906 2473 964 2515 au-

204 2552 322 2626 dimus
353 2550 490 2611 firmiter
519 2551 628 2611 animo
659 2551 856 2612 retinemus:
888 2562 921 2612 et
945 2571 965 2612 a

205 2649 374 2726 prophetis
395 2648 556 2708 veraciter
576 2648 750 2724 praedicta,
772 2659 804 2709 et
825 2650 864 2708 ab
887 2667 963 2725 apo-

204 2747 297 2807 stolis
314 2746 441 2807 fortiter
455 2746 653 2822 confirmata,
669 2745 873 2821 confitemur,
895 2747 963 2806 lau-

205 2845 319 2904 damus
341 2853 373 2903 et
395 2845 630 2919 praedicamus.
660 2844 752 2906 Beati
775 2862 852 2921 ergo
874 2846 961 2907 oculi

167 2959 317 3002 aseorum
349 2941 403 3018 qui
429 2941 503 3001 licet
527 2941 697 3003 Christum
719 2942 753 3002 in
775 2959 873 3003 carne
895 2959 962 3003 non

204 3039 366 3115 viderunt,
387 3048 497 3099 tamen
513 3039 652 3101 fideliter
666 3039 699 3100 in
715 3057 790 3100 eum
808 3041 962 3117 credunt3

205 3138 321 3197 devote
338 3147 546 3213 venerantur,
568 3148 656 3198 caste
673 3137 823 3213 diligunt:
847 3139 962 3198 arden-

204 3244 319 3311 terque
342 3235 511 3310 suscipere
534 3234 729 3294 desiderant.

246 3332 329 3392 Ecce
342 3333 410 3392 Rex
425 3342 539 3392 noster
553 3333 684 3393 advenit
699 3333 739 3392 de
752 3332 870 3409 caelis3
885 3333 961 3393 laeti

167 3451 195 3492 ao
205 3448 416 3491 occurramus
445 3430 492 3490 ei:
522 3440 553 3490 et
575 3430 703 3491 devotis
725 3430 817 3490 illum
840 3430 962 3505 ample-

204 3527 299 3587 xibus
314 3527 543 3604 suscipiamus.
567 3528 741 3589 Laetentur
756 3527 849 3604 caeli,
863 3527 896 3588 id
911 3536 963 3588 est

567 3632 594 3673 το
