2128 4190
49 442 382 495 mmm&
419 442 463 494 [26]
497 441 818 494 &mmm

47 575 155 635 tieem
185 575 275 635 nulla
303 585 391 636 esset
421 575 543 636 sanitas
568 574 730 651 corporis:
759 575 817 634 sed

47 683 223 749 tamquam
246 674 397 750 leprosus
418 683 588 750 appareret
603 672 755 733 omnibus
770 672 818 732 in·

51 769 236 830 ruentibus.
280 770 362 830 Vide
385 787 461 847 ergo
484 787 571 831 nunc
594 782 625 831 et
647 769 818 831 considera

49 869 81 928 si
115 877 166 928 est
198 868 291 928 dolor
319 868 438 929 similis
470 869 572 929 dolori
602 869 690 929 eius:
719 884 816 944 quem

48 965 179 1040 patitur
194 983 252 1042 pro
267 975 300 1026 te
312 967 403 1027 Deus
418 977 504 1027 tuus.
530 967 675 1026 Numera
685 965 712 1025 si
724 975 841 1041 potess

49 1063 170 1124 omnia
185 1064 323 1124 verbera
337 1064 446 1124 omnia
461 1064 607 1139 vulnera,
622 1080 738 1124 omnes
752 1064 818 1139 pla-

47 1177 132 1237 gas,
164 1161 274 1221 omnia
300 1161 511 1237 improperia,
540 1162 649 1221 omnia
670 1160 818 1238 inquina-

49 1269 181 1334 menta,
195 1277 214 1319 a
228 1259 340 1319 multis
355 1258 416 1318 sibi
433 1258 569 1320 inflicta:
585 1268 617 1320 et
632 1267 817 1335 compatere

50 1357 158 1417 corde
182 1357 405 1433 compassivo,
436 1357 545 1418 omnia
576 1357 637 1418 ista
665 1356 818 1433 aequani-

50 1455 157 1516 miter
172 1454 316 1531 patienti.
351 1455 509 1515 Describe
525 1471 563 1515 ea
577 1455 611 1515 in
626 1456 734 1515 tabula
748 1471 817 1514 cor·
830 1473 854 1514 ro

51 1554 107 1613 dis
124 1552 172 1613 tui
189 1570 247 1629 pro
262 1552 443 1613 memoriali
459 1553 610 1630 perenni:
633 1563 665 1613 et
679 1552 712 1613 in
729 1551 817 1612 omni

50 1651 269 1714 tribulatione
290 1661 345 1712 tua
366 1650 469 1727 dirige
491 1651 621 1711 oculum
638 1649 757 1710 mentis
779 1649 818 1709 ad

53 1750 171 1808 lesum
194 1748 390 1823 pendentem
413 1749 446 1808 in
469 1766 576 1809 cruce.
618 1749 708 1809 Haec
730 1747 817 1808 enirn

53 1844 230 1906 crucifixio
261 1844 321 1905 luit
344 1845 478 1907 Christo
508 1857 581 1922 post
610 1856 673 1906 tam
700 1847 818 1906 multas

53 1960 186 2020 poenas
217 1942 278 2002 sibi
310 1943 478 2019 incussae,
505 1944 819 2020 ignominiosissima
830 1963 854 2004 rs

54 2039 266 2102 amarissima
297 2050 329 2100 et
363 2040 565 2117 gravissima.
618 2042 690 2102 Fuit
721 2041 817 2101 etiam

53 2138 250 2199 tristissima
265 2138 326 2198 sibi
348 2148 493 2214 exparte
509 2139 687 2200 amicorum
703 2140 818 2215 alonge

53 2236 234 2311 stantium,
263 2245 295 2296 et
324 2236 502 2312 lugentium
533 2237 716 2297 uberrime:
743 2235 819 2313 quia

54 2351 175 2394 eorum
187 2334 312 2394 luctum
324 2344 356 2394 et
365 2333 522 2410 gemitum
538 2351 634 2394 suum
651 2335 818 2410 reputabat

55 2433 219 2512 dolorem.
263 2431 334 2492 Fuit
363 2449 494 2509 quoque
523 2432 750 2493 crudelissima
778 2449 854 2492 exeo

53 2538 151 2606 parte
173 2530 435 2591 adversariorum
458 2531 565 2606 ipsum
589 2530 818 2604 deridentium,

55 2626 326 2714 conviciantium,
342 2637 373 2687 et
382 2628 612 2704 gratulantium
629 2630 669 2688 de
684 2627 817 2688 interitu

56 2726 149 2786 eius:
160 2726 214 2802 qui
227 2726 317 2785 nulla
326 2725 536 2786 miseratione
546 2725 691 2786 detantis
702 2724 817 2802 poenis

55 2832 91 2883 et
114 2822 210 2882 malis
239 2823 464 2883 movebantur.
507 2823 591 2883 Ecce
612 2823 676 2883 iam
699 2823 817 2882 audisti

57 2931 183 2998 quanta
205 2932 237 2981 et
259 2939 277 2980 a
299 2921 428 2997 quantis
444 2938 561 2996 passus
581 2931 631 2981 est
646 2920 854 2982 Christusne

57 3018 112 3078 cui
137 3018 253 3078 merito
269 3020 408 3096 compati
425 3021 521 3080 debet
542 3019 649 3080 omnis
671 3018 818 3079 christia·

57 3133 134 3176 nus,
177 3115 210 3176 Si
234 3117 308 3192 quis
330 3116 456 3176 videret
478 3126 602 3192 patrem
625 3133 740 3191 suum,
764 3125 818 3175 aut

58 3213 202 3289 aliquem
227 3213 432 3273 carissimum
455 3214 596 3274 amicum
617 3223 692 3274 ante
714 3230 750 3273 se
772 3223 818 3273 tot

58 3310 178 3386 poenis
208 3310 364 3387 cruciari,
393 3321 425 3371 et
454 3311 486 3370 in
515 3311 645 3387 publico
675 3310 818 3388 patibulo

60 3417 273 3482 anteponam
290 3409 465 3485 suspendi3
480 3425 590 3469 nonne
601 3409 708 3469 statim
725 3407 816 3484 quasi
827 3429 854 3470 so

31 3491 38 3510 ’
62 3521 177 3566 amens
200 3505 338 3566 effectus
360 3523 437 3582 prae
456 3507 567 3567 dolore
590 3509 772 3567 tabesceret
787 3516 818 3565 et

91 3611 241 3654 ThomaeaK.
250 3609 335 3664 Opera.
347 3611 387 3653 111.
422 3612 463 3652 225
688 3613 713 3653 15
