2114 4168
85 433 409 486 &ffiffiffiffl
456 435 481 476 16
525 433 846 487 fflwl'fflre'vw

87 566 369 644 congaudentibus
400 567 440 627 de
472 567 567 627 donis
602 575 635 626 et
665 565 845 642 privilegiis

86 665 163 740 tuis,
186 665 305 741 quibus
328 665 491 725 Dominus
513 674 545 725 et
563 664 712 725 Salvator
733 673 847 724 noster

86 762 226 823 mirifice
248 774 280 823 te
301 762 511 839 glorificavit,
539 762 705 823 benedixit
733 772 766 824 et
793 781 846 822 ex·

85 860 208 920 altavit.
256 859 285 921 O
316 859 394 919 felix
423 860 545 936 Maria,
573 878 592 920 o
621 860 673 937 pia
701 871 847 937 patrona,

86 967 254 1018 memento
283 958 348 1016 mei
377 958 410 1017 in
440 958 499 1017 hac
529 959 609 1018 hora
638 968 670 1017 et
698 958 732 1018 in
754 971 869 1036 sepa-⁵

84 1055 212 1115 ratione
234 1055 366 1130 ultima,
394 1056 524 1132 quando
548 1056 656 1116 anima
677 1074 751 1116 mea
774 1058 845 1118 Deo

85 1154 149 1215 erit
170 1154 418 1230 praesentanda.
462 1152 578 1214 Amen.

393 1357 545 1419 Collecta.

88 1469 280 1688 &Eua
295 1527 350 1604 qui
366 1527 479 1587 beatae
495 1527 619 1587 lilariae
631 1528 844 1604 Magdalenae

90 1580 104 1664 l
222 1624 453 1702 paenitentiam
470 1625 649 1685 clementer
670 1626 845 1703 suscepisti
859 1647 883 1688 ιο

88 1732 121 1784 et
153 1723 182 1783 ei
212 1732 286 1800 post
314 1731 522 1798 peccatorum
552 1723 681 1783 veniam
711 1724 845 1800 gratiam

87 1830 178 1881 tuam
210 1820 377 1897 copiosius
408 1819 575 1896 infudisti,
610 1820 716 1881 tribue
752 1822 846 1882 nobis

86 1919 162 1979 cius
184 1917 423 1978 intercessione
448 1919 532 1979 mala
560 1928 671 1979 nostra
700 1918 847 1979 districte

84 2017 244 2094 plangere
276 2024 308 2075 et
340 2025 414 2091 post
443 2015 609 2093 planctum
640 2022 706 2092 spe
730 2016 847 2075 veniae

84 2113 251 2190 respirare
276 2130 312 2172 ac
341 2121 493 2173 aeternae
522 2111 608 2171 vitae
636 2113 847 2190 perceptione
859 2137 884 2177 15

84 2211 211 2272 laetari.
255 2209 320 2287 Qui
344 2210 429 2270 vivis
451 2220 483 2269 et
505 2226 621 2285 regnas
645 2211 746 2271 Deus.

435 2427 503 2476 XVI.

180 2544 291 2606 Oratio
313 2544 352 2602 de
372 2542 544 2602 virtutibus
565 2546 597 2602 et
618 2542 759 2602 moribus

202 2641 423 2702 nobilissimae
443 2640 577 2715 virginis
598 2641 738 2716 Agnetis.

86 2753 211 2972 Q
226 2811 375 2889 piissima
390 2819 422 2870 et
437 2809 627 2870 dulcissima
642 2809 764 2888 Agnes,
781 2813 848 2889 pie·
858 2829 885 2870 ao

90 2931 120 2972 rs
226 2909 282 2970 tati
304 2919 379 2970 tuae
402 2909 516 2969 intime
540 2909 699 2986 supplico,
724 2910 848 2971 caritati
977 2907 980 2913 “

84 3018 165 3069 tuae
187 3024 240 3067 me
263 3007 387 3084 integre
416 3006 525 3082 trado,
554 3006 754 3067 orationibus
784 3008 848 3068 tuis

85 3123 143 3166 me
172 3105 289 3165 devote
314 3104 519 3165 commendo.
563 3104 685 3164 Exaudi
715 3122 847 3165 servum

82 3214 180 3265 tuum
193 3202 232 3262 ad
243 3211 274 3262 te
286 3202 491 3276 clamantem,
506 3201 562 3262 tibi
575 3201 701 3262 servire
717 3202 849 3278 cupien-

81 3293 252 3375 temstuis
275 3299 426 3359 laudibus
449 3300 655 3361 insistentem
679 3309 711 3359 et
732 3309 764 3360 te
783 3300 885 3359 sin-25

87 3398 262 3460 cerissimo
278 3397 376 3459 corde
391 3397 589 3473 diligentem.
615 3397 651 3456 ln
663 3406 694 3457 te
705 3396 849 3472 invenio,

87 3495 178 3574 quod
200 3513 290 3571 amo,
312 3496 344 3555 in
368 3505 399 3555 te
422 3512 538 3570 cerno,
566 3495 653 3572 quod
675 3494 788 3571 cupio,
815 3494 848 3554 in

450 3600 490 3642 aaa
