2144 4194
90 392 398 445 mmm
434 391 479 442 [¹²]
513 389 834 442 ffiffifflw

90 525 175 585 simi
197 524 426 599 Crucifixi,
448 540 505 583 cor
531 539 640 586 meum
663 531 835 599 penetrent

90 633 119 684 et
139 625 314 699 vulnerent,
336 641 372 683 ac
395 621 584 684 firmissime
606 621 720 683 uniant
738 632 770 682 et
785 640 835 681 ac·

90 721 230 798 cendant3
245 731 281 782 ut
296 729 383 780 totus
394 720 537 780 mundus
551 719 631 780 milri
642 720 788 795 vilescat,
804 729 836 780 et

90 819 175 878 lesus
190 818 367 879 crucifixus
382 819 474 879 solus
485 835 584 895 super
595 818 704 878 omnia
720 818 836 895 sapiat:

89 925 176 992 atque
203 918 242 977 ad
271 917 386 977 intima
412 915 575 993 passionis
604 931 683 975 suae
709 925 859 977 secretas

88 1014 238 1074 secretius
253 1031 307 1074 me
319 1023 351 1074 et
362 1013 630 1091 frequentissime
643 1013 835 1075 introducat.

125 1113 231 1173 Potest
260 1122 293 1172 et
314 1112 388 1172 aliis
410 1111 521 1173 multis
543 1111 650 1172 modis
672 1129 730 1189 pro
752 1112 837 1172 desi·

88 1209 171 1270 derio
199 1209 337 1271 amantis
366 1209 493 1270 animae
522 1209 661 1269 dilectus
684 1210 777 1269 lesus
799 1227 836 1270 se

88 1307 271 1369 mirabiliter
301 1309 464 1368 revelare:
495 1316 527 1367 et
558 1308 598 1367 de
629 1306 837 1367 sanctissima

87 1403 255 1465 vitasuaet
266 1405 524 1482 pretiosamorte
535 1421 572 1464 ac
583 1404 835 1464 resurrectionis
846 1418 871 1460 ro

86 1501 182 1578 gloria
202 1503 332 1579 plenius
354 1503 549 1579 informare3
575 1512 611 1562 ut
639 1518 721 1578 quae
744 1519 836 1562 sacra

87 1601 248 1678 evangelia
277 1601 396 1661 docent
424 1611 457 1661 et
484 1602 630 1677 pandunt
650 1600 760 1661 verbis
782 1617 835 1659 ex-

87 1699 198 1759 terius:
232 1699 427 1758 adveniente
460 1698 577 1775 spiritu
607 1699 681 1760 lesu
710 1699 836 1776 spirita·

86 1795 155 1855 liter
176 1805 207 1856 et
228 1795 387 1873 sagaciter
415 1796 486 1873 ipse
508 1797 631 1872 aperiat
652 1796 741 1857 intus
763 1797 834 1857 sine

86 1893 216 1970 strepitu
238 1895 425 1969 verborum,
453 1912 528 1954 cum
551 1895 652 1954 multa
673 1895 834 1954 illumina·
847 1910 871 1950 rs

87 1989 169 2051 tione
199 2008 347 2051 summae
376 1991 539 2067 veritatis,
570 1992 609 2051 ad
640 1993 833 2068 capiendum

23 2139 24 2170 3
85 2087 175 2147 etiam
196 2089 332 2166 gloriam
348 2089 503 2166 Deitatis3
525 2100 620 2166 prout
642 2091 737 2166 potiri
760 2108 835 2150 con·

85 2185 204 2246 ceditur
226 2187 371 2263 purgatis
386 2188 552 2248 mentibus
567 2188 762 2265 quandoque
778 2204 836 2263 per

86 2297 254 2344 excessum
279 2284 436 2368 spiritus,¹
451 2303 508 2362 pro
531 2286 755 2347 consolatione
777 2288 835 2346 hu·

86 2396 194 2441 manae
220 2381 419 2459 fragilitatis:
451 2384 632 2443 secundum
656 2384 742 2459 quod
764 2384 872 2460 ipseo

84 2478 273 2539 benedictus
303 2479 396 2539 lesus
425 2481 575 2556 promisit
603 2481 726 2541 dicens.
770 2481 835 2558 Ego

85 2592 151 2637 sum
168 2577 308 2652 ostium3
324 2594 382 2652 per
397 2594 449 2637 me
465 2577 492 2637 si
509 2577 584 2655 quis
599 2578 759 2639 introierit
775 2578 836 2638 sal-

85 2674 222 2736 vabitur:
252 2683 284 2734 et
304 2673 506 2752 ingredietur
527 2685 559 2734 et
581 2675 776 2751 egredietur,
805 2685 836 2736 et

85 2787 200 2845 pascua
222 2772 377 2833 inveniet.
421 2771 537 2832 Amen.

87 2947 138 3008 DE
168 2947 316 3011 SACRA
344 2947 653 3011 INSTITVTIONE
683 2951 873 3012 IEIVNllzs

87 3045 329 3110 SECVNDVM
340 3045 836 3110 FORMAMIESVCHRISTI.

438 3159 483 3208 Xll

86 3201 249 3428 §ffloee
277 3277 362 3321 nunc
383 3160 507 3335 tempzjs
529 3261 745 3336 acceptabile:
768 3278 838 3322 eece

207 3374 293 3418 nunc
320 3359 389 3418 dies
411 3359 536 3418 solutis.
580 3357 722 3419 Advenit
746 3375 838 3418 sanc·

87 3464 150 3516 turn
172 3456 441 3533 quadragesimae
456 3465 586 3533 tempus
604 3456 778 3518 salubriter
798 3456 874 3515 abso

443 3559 480 3602 137
553 3556 555 3567 ¹
