2114 4168
226 441 346 494 fflffiffi
374 439 547 482 ORATlONES
564 439 603 480 DE
617 438 837 481 ALllSSANCTlS
864 439 987 490 ἵὲξὲὶῖἑ)
1041 499 1042 508 ¹

226 574 319 652 pliori
357 573 512 634 castitatis
547 573 648 650 gratia
682 590 719 632 ae
756 571 989 632 lamiliaritatis

227 673 312 732 dono
334 670 542 747 insignitum,
564 671 615 730 cui
638 670 757 731 ceteris
778 670 912 730 tacitum
937 687 987 730 re-

227 770 353 830 velatur
374 769 407 828 in
430 785 541 828 aurem
564 768 710 829 verbum.
1041 767 1042 772 ’

268 866 297 928 Ο
314 865 505 926 dulcissime
521 867 695 942 lohanneS,
716 877 835 943 quanta
851 876 930 927 tunc
947 867 987 926 de

203 973 358 1041 spectore
386 963 462 1024 lesu
493 963 616 1023 traxisti
649 980 765 1024 arcana
793 965 986 1041 sapientiae.

226 1064 252 1123 T
254 1073 400 1125 estantur
415 1079 507 1122 sacra
521 1061 681 1139 evangelii
704 1063 750 1122 tui
774 1062 896 1123 fluenta
918 1073 987 1124 toto

227 1159 986 1237 orbeterrarumdiffusa,quodmagnoquodam

227 1258 395 1335 praesagio
406 1259 534 1318 luturae
544 1257 665 1334 gratiae
676 1275 774 1334 supra
785 1267 900 1334 pectus
911 1259 986 1318 lesu

228 1367 323 1432 caput
344 1365 435 1416 tuum
458 1355 671 1416 amicabiliter
692 1355 875 1431 reclinasti,
897 1359 986 1416 unde
1041 1375 1042 1382 ¹

193 1473 217 1513 ro
228 1453 283 1514 tibi
294 1464 380 1515 tanta
388 1453 550 1514 emanavit
558 1453 726 1516 affluentia
735 1455 903 1514 doctrinae
915 1473 986 1515 cae-

227 1553 329 1613 lestis.
359 1553 507 1614 Obsecro
523 1562 565 1626 te,
580 1563 692 1612 sancte
708 1552 864 1629 apostole,
880 1553 988 1612 dulcis

227 1649 484 1726 amiceChristi,
506 1649 604 1710 refice
620 1650 819 1710 esurientem
842 1651 986 1710 animam

227 1748 314 1810 servi
342 1749 386 1809 tui
415 1747 574 1808 suavitate
596 1746 717 1824 eloquii
741 1747 841 1807 divini
864 1764 987 1824 meque

229 1849 278 1908 fac
300 1846 432 1923 saepius
454 1846 615 1905 interesse
637 1862 738 1905 cenae
761 1846 835 1905 lesu
861 1856 893 1905 et
916 1846 986 1922 pul-

192 1945 390 2007 rscherrimo
420 1944 475 2003 illo
504 1960 656 2003 sermone
685 1943 856 2018 delectari,
886 1961 986 2020 quem

228 2044 391 2104 Dominus
414 2043 507 2101 lesus
536 2041 717 2101 novissime
745 2041 845 2101 edidit
875 2059 986 2101 coram
1041 2033 1042 2040 '

227 2141 411 2217 discipulis,
438 2149 470 2198 et
491 2148 524 2199 tu
547 2139 586 2198 ad
609 2139 781 2215 legendum
805 2137 900 2197 nobis
923 2139 988 2198 cla-

228 2240 358 2300 rissime
380 2236 551 2313 scripsisti.
583 2235 772 2312 Opretiose
794 2245 826 2295 et
847 2237 987 2296 amande

227 2336 397 2412 discipule,
412 2344 447 2395 tu
462 2351 595 2411 egresso
612 2334 686 2393 lesu
702 2343 790 2394 trans
806 2343 986 2395 torrentem

191 2448 218 2488 20
229 2433 360 2495 Cedron
381 2433 488 2509 ipsum
504 2449 578 2491 eum
595 2431 730 2508 reliquis
746 2431 918 2507 discipulis
935 2450 987 2491 se·

228 2541 322 2590 cutus
354 2547 390 2589 es
421 2530 459 2589 ad
491 2531 631 2590 hortum.
677 2528 724 2587 Tu
754 2528 788 2587 in
819 2539 985 2590 secretum

228 2627 384 2687 orationis
410 2628 517 2687 locum
545 2628 584 2686 ab
609 2627 679 2703 ipso
702 2627 888 2703 specialiter
910 2645 986 2688 cum

228 2725 355 2784 duobus
377 2734 565 2801 assumptus
588 2741 634 2785 es.
673 2723 721 2784 Tu
745 2725 886 2785 Domino
911 2726 986 2786 lesu

229 2839 246 2880 a
262 2821 390 2881 ludaeis
407 2831 498 2898 capto
519 2833 551 2882 et
566 2822 662 2898 ligato
678 2832 750 2898 post
765 2823 871 2899 ipsum
889 2824 985 2900 sequi

192 2936 333 2995 asusque
363 2919 395 2978 in
425 2920 541 2980 atrium
573 2919 692 2980 summi
724 2920 888 2996 pontilicis
919 2939 986 2982 non

228 3017 395 3093 trepidasti
428 3028 460 3079 et
490 3019 643 3079 dilectum
676 3027 861 3078 consortem
893 3027 985 3079 tuum

231 3115 362 3176 Petrum
379 3115 539 3175 introduci
557 3115 673 3175 iecisti.
705 3114 807 3175 Amor
822 3115 984 3192 siquidem

230 3213 304 3271 lesu
326 3229 386 3271 vos
408 3213 528 3287 pariter
549 3213 639 3272 illum
663 3229 739 3288 prae
755 3213 874 3272 ceteris
889 3214 985 3273 auda·

230 3309 300 3369 cius
329 3310 422 3386 sequi
453 3309 546 3384 iecit,
574 3310 632 3369 sed
661 3311 803 3370 humana
829 3310 986 3386 fragilitas

193 3408 373 3468 aonondum
390 3407 495 3466 valida
514 3418 651 3468 mortem
669 3407 755 3467 ferre
772 3408 884 3484 fugere
900 3425 986 3468 com·

230 3503 311 3579 pulit
332 3520 368 3563 ac
390 3504 515 3564 timere.
548 3504 667 3581 Sicque
688 3505 782 3566 lesus
803 3506 895 3566 solus
915 3523 985 3582 per-

587 3609 627 3652 aas
