2144 4194
191 455 232 507 &³
252 453 424 506 [SERMONES
436 453 475 496 DE
485 452 552 496 VITA
564 452 599 496 ΕΤ
609 452 760 496 Pnssloue
771 451 894 504 nomint]
911 451 963 504 Κῷ

192 588 515 664 contemplationem:
546 586 717 647 descendit
745 586 863 646 iterum
891 602 963 662 per

192 684 463 761 compassionem.
496 684 627 747 Caritas
650 684 711 745 Dei
734 701 866 744 sursum
888 693 962 743 tra-

191 782 303 842 hebat:
333 782 450 842 caritas
478 782 617 858 proximi
641 781 798 842 deorsum
819 799 962 842 revoca·
1065 806 1066 816 ¹

191 882 253 941 bat.
285 880 321 940 ln
344 890 454 941 monte
475 879 699 940 tantummodo
722 880 875 941 caelestia
898 897 961 940 co-

169 979 325 1056 sgitabat:
365 977 505 1038 inferius
544 977 619 1038 lites
654 987 686 1038 et
722 975 961 1036 contentiones

192 1076 429 1151 compescebat.
461 1075 509 1135 lbi
527 1075 704 1135 Dominum
727 1075 816 1134 clare
838 1091 961 1134 cerne-

190 1175 260 1235 bat:
282 1174 335 1234 hic
358 1192 430 1235 raro
452 1174 626 1234 atumultu
646 1172 758 1250 populi
774 1172 857 1233 liber
871 1181 959 1233 erat.

193 1270 238 1332 lbi
268 1288 367 1348 supra
394 1286 432 1329 se
460 1270 493 1329 in
523 1269 639 1345 spiritu
666 1269 867 1345 rapiebatur:
897 1267 959 1327 hic
1068 1321 1069 1330 ,

192 1385 307 1445 magno
333 1367 439 1427 taedio
467 1367 599 1443 saepius
620 1376 754 1443 propter
774 1385 834 1428 eos
854 1384 960 1428 vexa·
1068 1379 1069 1388 ¹

158 1469 293 1528 robatur.
326 1465 371 1525 lbi
395 1464 619 1540 spiritualibus
637 1464 873 1526 delectabatur:
897 1466 960 1526 hic

191 1584 210 1626 a
231 1562 415 1625 carnalibus
435 1563 637 1640 gravabatur.
681 1562 727 1622 lbi
750 1563 878 1623 divinas
903 1581 962 1624 re·

192 1661 372 1722 velationes
394 1659 609 1736 suscipiebat:
632 1659 686 1720 hic
707 1660 849 1721 inferius
864 1677 962 1722 mur-

192 1761 392 1822 murationes
415 1758 605 1834 frequenter
625 1757 785 1818 audiebat.
827 1759 873 1819 lbi
896 1761 957 1820 de-

192 1868 288 1919 votus
303 1869 334 1920 et
349 1858 480 1934 quietus
495 1867 580 1917 erat:
602 1855 655 1916 hic
671 1856 759 1917 mitis
774 1867 807 1917 et
821 1858 955 1934 patiens

158 1973 267 2017 messe
289 1957 448 2016 studebat.
481 1954 623 2031 Oquam
644 1955 767 2015 bonum
788 1965 821 2015 et
835 1956 955 2017 iucun-

192 2055 268 2114 dum
291 2062 341 2113 est
362 2068 437 2112 esse
459 2069 533 2112 cum
550 2050 691 2111 Domino
714 2051 747 2110 in
767 2064 895 2113 monte:
919 2064 955 2115 et

193 2152 233 2212 de
255 2151 354 2210 nullis
377 2149 550 2210 forinsecis
572 2149 671 2208 rebus
686 2166 797 2210 curam
818 2151 955 2212 habere.

193 2248 222 2309 Ο
245 2265 342 2325 quam
364 2247 466 2307 miser
487 2256 519 2307 et
541 2231 738 2307 miserabilis
759 2247 816 2308 ille
838 2258 957 2325 status,

193 2348 379 2408 rumoribus
414 2347 537 2407 saeculi
569 2346 749 2407 interesse:
786 2355 819 2406 et
848 2356 958 2407 trans-

157 2445 297 2506 mitoriis
323 2444 591 2521 occupationibus
613 2443 783 2519 implicari.
826 2444 958 2505 Felix

194 2559 308 2603 mens
334 2559 449 2619 quam
480 2542 569 2602 nulla
595 2541 679 2602 actio
702 2540 882 2602 saecularis
905 2559 958 2602 re-

192 2641 289 2716 tinet,
317 2657 379 2700 nec
408 2640 473 2700 ulla
501 2639 631 2701 affectio
661 2639 769 2700 carnis
798 2639 958 2700 inclinat:

193 2738 251 2797 sed
278 2754 432 2814 semper
458 2755 553 2813 pura
574 2737 743 2798 intentio
766 2736 810 2796 ad
833 2737 957 2797 Deum

194 2835 286 2895 sine
307 2834 548 2895 tardatione
570 2836 692 2895 levat.

158 3029 186 3071 25
230 3013 287 3072 DE
309 3011 467 3072 VERBIS
492 3010 599 3086 lESV‚
621 3010 673 3072 ET
696 3010 923 3072 MVNDITIA

488 3108 665 3171 CORDIS.

541 3221 609 3285 [XV]

312 3323 397 3382 Erba
418 3337 503 3396 quae
524 3337 580 3397 ego
605 3322 731 3382 locutus
751 3337 822 3382 sum
849 3321 961 3380 vobis:

334 3417 466 3494 spiritus
485 3422 517 3476 et
529 3418 597 3477 vito
611 3423 696 3477 sunt.
722 3417 756 3479 Si
772 3434 865 3477 sacra
882 3418 961 3479 lesu

158 3520 297 3579 soverba
325 3532 441 3594 capere
470 3515 655 3592 desideras,
684 3517 723 3576 ad
748 3515 907 3576 interiora
928 3526 963 3578 te

562 3619 600 3661 152
