2128 4190
96 450 431 504 mmmm
455 451 499 500 [21]
534 449 855 502 mm&

96 584 343 645 tribulationum
366 600 423 659 pro
446 583 579 644 nomine
601 583 683 642 tuo?
716 583 797 642 Nam
816 600 854 642 ex

91 699 209 752 ,amore
232 681 371 742 libenter
392 681 474 758 pati,
503 690 535 741 et
557 680 629 740 sine
651 679 855 756 querimonia

97 796 229 839 ornnem
252 778 443 855 gravitatem
466 794 564 854 posse
586 787 729 854 portare:
751 777 856 837 carior

97 887 150 937 est
172 877 341 938 retributio
364 894 460 953 quarn
484 878 581 937 horno
602 884 708 952 potest
729 875 786 936 tibi
802 893 855 935 ex·

97 975 223 1035 hibere.
257 976 291 1034 ln
315 977 376 1035 hoc
393 975 480 1035 enirn
503 983 745 1051 cognoscuntur
767 973 879 1033 veris

97 1082 307 1133 amatores
337 1072 460 1133 crucis:
487 1072 640 1132 videlicet
661 1071 694 1131 in
717 1071 855 1132 volun·

92 1171 207 1231 baria
235 1171 449 1247 perpessione
478 1170 653 1230 cuiuslibet
680 1169 856 1246 gravitatis.

99 1269 139 1328 Et
159 1269 309 1345 quamvis
324 1268 388 1328 iarn
404 1267 616 1344 impassibilis
631 1267 688 1343 sis,
710 1277 743 1328 et
758 1268 857 1327 nullis

90 1366 261 1428 obnoxius
283 1366 508 1442 passionibus,
537 1366 596 1426 sed
624 1366 726 1442 gloria
747 1376 780 1426 et
801 1368 857 1426 ho-

97 1481 181 1524 nore
210 1474 400 1539 coronatus‚
430 1473 461 1523 et
490 1481 590 1539 super
611 1480 726 1524 ornnes
748 1464 857 1524 caelos
868 1481 893 1521 ro

98 1562 263 1622 elevatus:
286 1561 365 1622 mihi
389 1570 497 1621 tamen
519 1561 646 1638 prolicit
668 1571 700 1622 et
719 1562 856 1622 multum

98 1660 199 1735 iuvat,
221 1661 307 1736 quod
330 1659 363 1719 in
386 1660 594 1736 passionibus
617 1659 699 1719 meis
714 1668 788 1719 tuae
803 1660 857 1718 be-

97 1758 250 1819 nedictae
265 1760 419 1820 recordor
434 1758 613 1835 passionis:
631 1759 717 1834 quod
732 1767 764 1818 te
779 1767 857 1818 tarn-

98 1873 198 1932 quam
221 1856 254 1916 in
270 1874 367 1917 carne
383 1858 488 1917 adhuc
504 1855 692 1932 passibilem
711 1856 856 1916 attendo:

99 1954 255 2014 videlicet
290 1966 418 2030 captum
455 1966 486 2014 et
521 1954 673 2031 ligatum,
711 1953 857 2014 vestibus
869 1969 893 2012 rs

98 2061 252 2127 exutum,
283 2051 445 2127 derisum,
476 2061 689 2128 consputum,
717 2052 858 2128 colaphi·

97 2159 226 2224 zatum,
255 2149 391 2226 flagellis
417 2167 567 2225 caesum,
595 2149 699 2225 spinis
725 2167 858 2210 corona·

98 2260 187 2323 turn,
214 2249 302 2308 cruci
326 2248 476 2324 allixum3
506 2249 582 2308 lelle
605 2258 636 2308 et
658 2256 749 2307 aceto
771 2257 858 2322 pota·

96 2357 187 2421 turn,
210 2346 322 2406 lancea
343 2346 560 2421 perforatum,
582 2363 656 2405 cuni
680 2344 858 2405 latronibus

98 2445 364 2519 condemnatum,
376 2445 573 2519 oblocutum‚
588 2444 858 2519 blasphematum,
867 2458 894 2500 ao

97 2543 309 2618 despectum,
341 2542 550 2616 derelictum,
581 2542 787 2617 reprobatum
819 2541 858 2599 ab

97 2639 270 2702 omnibus:
299 2649 331 2699 et
356 2640 486 2699 tandem
509 2639 542 2698 in
565 2656 662 2698 cruce
685 2647 859 2711 mortuum,

97 2757 136 2800 ac
151 2737 415 2800 «lamentabiliter
441 2738 615 2813 sepultum.
659 2737 732 2797 Non
755 2735 858 2795 debeo

97 2835 297 2913 praeterire,
325 2835 377 2894 vel
405 2851 506 2895 unum
529 2844 701 2910 punctum:
731 2834 788 2893 sed
818 2834 858 2893 de

98 2934 184 2994 silva
213 2933 417 3009 evangelica,
448 2933 557 2992 omnia
585 2933 684 2992 verba
715 2942 747 2992 et
776 2931 895 2992 lactaas

98 3043 156 3094 tua
178 3031 317 3091 fideliter
339 3031 558 3108 congregab03
587 3041 619 3090 et
647 3047 712 3090 non
734 3038 858 3089 tantum

99 3128 263 3190 mirabilia
273 3144 372 3204 opera
383 3136 436 3187 tua
447 3126 671 3201 considerabo,
686 3125 744 3185 sed
757 3124 858 3185 multo

99 3227 210 3288 carius
233 3225 404 3302 passiones
424 3236 456 3284 et
471 3223 631 3300 vituperia
645 3233 700 3284 tua
714 3223 859 3299 percogi-

1 3399 2 3412 χ
98 3338 175 3387 tans
197 3325 420 3400 amplexabor:
443 3323 518 3399 quia
540 3324 620 3382 haec
643 3322 722 3381 rnihi
746 3337 858 3381 neces·

99 3422 226 3484 sariora
253 3431 330 3481 sunt
352 3421 391 3480 ad
413 3421 561 3481 salutem.
602 3420 700 3497 Signa
730 3430 783 3479 tua
812 3419 895 3480 in·ao

90 3521 178 3582 ¹c'lite
195 3521 269 3581 lesu
292 3520 331 3580 ad
354 3519 451 3579 iidem
473 3529 505 3578 et
527 3518 629 3578 sancti
653 3517 795 3578 nominis
812 3516 858 3577 tui

465 3624 502 3664 ras
