2118 4186
220 428 260 478 (ςῖ
279 427 451 477 [SERMONES
464 429 501 470 he
512 428 579 470 VITA
591 429 625 470 ET
638 428 785 472 passione
798 431 922 482 bonini]
939 431 977 482 ω

222 559 365 636 Oquam
388 562 480 622 beata
502 561 676 637 promissio
693 562 830 638 Christi,
852 565 976 624 nonde

222 659 341 720 laetitia
363 661 490 736 mundi,
513 662 571 720 sed
593 662 633 720 de
656 662 976 722 consolatione

221 756 424 832 Spiritus
451 758 616 834 sancti3
642 774 725 833 quae
748 768 811 818 tam
835 759 976 835 pretiosa

220 863 270 914 est
292 864 324 914 et
346 856 472 915 suavis:
495 866 530 916 ut
551 855 659 916 nihil
682 855 718 915 ei
742 857 975 933 comparari

196 952 368 1027 spossit
399 953 431 1013 in
464 956 562 1015 rebus
594 953 755 1015 humanis
806 955 977 1015 Habebam

220 1050 322 1110 sancti
346 1052 482 1126 apostoli
504 1070 652 1129 magnam
669 1052 928 1112 consolationem
944 1052 976 1112 in

219 1149 419 1210 humanitate
447 1149 590 1224 Christi,
616 1149 778 1210 audiendo
804 1151 910 1225 palam
939 1168 977 1210 ex
1047 1137 1048 1140 ¹

219 1262 275 1304 ore
291 1245 363 1305 eius
379 1247 509 1322 eloquia
523 1246 643 1322 divina,
666 1257 698 1307 et
714 1247 856 1308 videndo
872 1249 977 1308 oculis

93 1422 97 1432 Ι
218 1343 288 1403 suis
311 1345 471 1419 stupenda
486 1345 658 1420 miracula;
680 1345 820 1421 ideoque
836 1363 903 1405 non
919 1345 976 1405 im·

184 1462 208 1502 ιο
218 1441 335 1502 merito
357 1444 397 1503 de
420 1460 480 1502 suo
503 1460 637 1503 recessu
655 1443 875 1518 tristabantur,
898 1455 976 1503 tam·

217 1557 314 1616 quam
331 1541 467 1616 orphani
483 1560 501 1601 a
516 1541 708 1602 dulcissimo
722 1539 794 1601 eius
809 1542 975 1602 consortio

217 1640 408 1714 separandi:
440 1641 593 1700 timentes
624 1641 709 1700 inter
737 1638 914 1714 pravitates
945 1651 974 1700 et

217 1737 369 1797 scandala
391 1737 584 1798 ludaeorum
607 1736 679 1797 sine
701 1737 891 1798 necessario
913 1739 972 1798 sibi

216 1835 379 1910 praesidio
415 1835 608 1911 derelinqui.
660 1835 869 1912 Quapropter
904 1836 972 1912 ipse

183 1933 473 2010 isbenignissimus
503 1933 658 2010 magister
688 1942 890 1994 secretorum
923 1952 971 1994 co-

216 2031 323 2107 gnitor
350 2049 387 2092 ac
416 2030 584 2107 praescius
607 2029 807 2106 futurorum,
836 2031 971 2092 dilectos

216 2129 395 2205 discipulos
431 2146 510 2190 suos
550 2130 588 2188 ab
624 2129 807 2190 imminenti
844 2130 971 2191 tristitia
1048 2171 1049 2176 κ

217 2238 358 2302 recreat,
387 2237 418 2288 et
446 2244 504 2303 pro
527 2228 686 2303 corporali
709 2246 768 2288 sua
789 2228 972 2303 praesentia
1048 2279 1049 2292 ι

216 2325 417 2400 spiritualem
448 2336 479 2386 et
505 2339 794 2401 permanentem
818 2327 876 2386 eis
898 2343 970 2386 con-

179 2424 408 2484 aosolationem
447 2424 648 2484 firmiter
678 2425 825 2500 spondet.
876 2425 971 2485 Erant

216 2521 303 2581 enim
334 2523 430 2582 tales:
459 2523 514 2598 qui
540 2523 672 2583 caelesti
696 2523 919 2583 consolatione
940 2534 969 2583 et

216 2621 325 2680 divina
356 2620 669 2681 inhabitatione
700 2631 813 2681 essent
841 2621 969 2698 digni3

216 2727 327 2793 utpote
349 2718 418 2777 veri
441 2718 505 2777 iam
528 2728 770 2793 contemptores
791 2718 918 2778 mundi:
939 2729 968 2778 et
1048 2775 1049 2788 ,

216 2814 381 2890 perlecti
404 2814 646 2875 imitatores
669 2814 841 2875 humilis
861 2814 967 2876 vitae

179 2912 393 2973 asChristi.
438 2913 538 2972 Nam
568 2913 689 2973 Pater
714 2914 823 2973 tales
852 2923 966 2989 amat3

217 3010 317 3069 Filius
333 3028 391 3086 pro
407 3010 525 3070 talibus
541 3020 626 3070 orat:
650 3010 838 3087 Spiritus
860 3028 965 3071 sanc-

217 3117 282 3169 tus
309 3110 416 3169 tales
444 3107 613 3168 exaudit
639 3118 678 3168 et
703 3107 925 3169 illuminat.

256 3205 339 3266 Vide
361 3222 448 3265 nunc
473 3206 743 3267 inaestimabilem
770 3207 902 3283 gratiam
925 3207 964 3267 di-

216 3303 311 3363 vinae
340 3303 485 3379 pietatis:
514 3303 653 3380 qualiter
681 3303 768 3364 lilius
791 3304 852 3364 Dei
875 3305 965 3382 elegit

180 3416 376 3474 aopauperes
394 3410 426 3459 et
442 3399 610 3475 simplices
627 3401 660 3460 in
676 3402 865 3462 societatem
881 3420 963 3478 prae-

216 3495 388 3555 dicationis
417 3514 496 3557 suae
525 3498 564 3558 ad
593 3498 849 3558 convertendum
879 3517 962 3560 mun-

573 3603 615 3643 aoo
