2122 4196
63 438 98 489 83*
127 437 297 481 MEDITATIO
314 438 354 480 DE
371 437 602 481 lNCARNATIONE
617 436 742 482 CHRISTI
774 439 815 492 (el)

64 588 173 630 omnes
182 582 314 648 gentes:
330 581 361 633 et
376 571 487 632 veniet
501 571 705 633 desideratus
716 591 813 634 cunc·

65 668 102 727 tis
121 669 281 744 gentibus

100 767 273 827 Zacharias
296 768 490 829 laetabundo
512 768 610 827 corde
633 778 665 828 et
682 769 929 845 quibus-anem-

66 864 130 923 dam
151 881 259 924 rerum
277 865 408 925 indiciis
423 864 648 924 testimonium
664 865 814 941 perhibet
844 854 913 886 nns-

66 961 180 1022 dicens.
210 963 320 1022 Lauda
341 971 373 1023 et
395 963 515 1023 laetare
538 963 604 1022 mia
620 962 715 1024 Sion:
738 964 836 1041 quias

66 1076 135 1119 ecce
165 1078 224 1137 ego
252 1060 367 1136 venio,
399 1070 430 1121 et
459 1060 609 1121 habitabo
640 1061 673 1121 in
705 1061 813 1121 medio

66 1158 115 1218 tui.
158 1161 195 1220 Et
217 1160 347 1220 iterum.
390 1159 505 1220 Exulta
527 1159 607 1219 satis
629 1159 695 1218 lilia
718 1159 813 1220 Sion:

65 1257 157 1318 iubila
185 1258 374 1318 Ierusalem.
417 1258 502 1318 Ecce
533 1275 590 1317 rex
619 1266 696 1317 tuus
724 1259 815 1319 venit

66 1354 115 1414 tibi
143 1355 250 1415 iustus
280 1364 311 1415 et
339 1355 501 1416 Salvator:
531 1355 602 1431 ipse
630 1372 754 1430 pauper
782 1366 814 1416 et

67 1455 240 1514 ascendens
256 1471 356 1530 super
370 1453 506 1528 asinam,
526 1461 558 1513 et
573 1469 673 1528 super
688 1454 848 1529 pullum10

68 1548 159 1610 lilium
182 1551 304 1611 asinae.
333 1553 426 1612 Hanc
441 1551 645 1627 prophetiam
661 1561 739 1611 tunc
754 1552 812 1612 im-

68 1648 811 1727 plestitquandoHierosolymamhumilisaselli

69 1753 148 1821 terga
168 1745 316 1807 insidens
338 1747 520 1822 perrexisti.
560 1747 598 1808 Et
619 1765 661 1807 ne
688 1747 812 1807 dubitet

71 1841 134 1917 quis
160 1846 199 1905 de
221 1856 253 1905 te
282 1846 344 1905 ista
365 1846 545 1922 praedicta3
574 1845 702 1905 additur
725 1846 811 1905 unde

72 1959 128 2001 non
154 1944 195 2003 sit
225 1943 453 2004 dubitandum:
485 1944 561 2021 quia
588 1944 651 2004 iam
684 1953 813 2005 tenetur
824 1973 848 2013 15

71 2039 132 2100 eius
153 2042 422 2118 experimentum.
465 2042 504 2101 Et
532 2042 683 2118 loquetur
707 2040 812 2117 inquit

71 2155 169 2212 pacem
191 2139 360 2216 gentibus:
384 2149 415 2201 et
437 2148 581 2215 potestas
603 2139 675 2200 eius
697 2139 811 2198 amari

71 2253 162 2314 usque
183 2239 222 2298 ad
244 2256 344 2299 mare.
374 2237 471 2315 Quod
491 2256 550 2314 per
571 2238 811 2314 praedicatores

71 2335 142 2395 sacri
171 2335 331 2413 evangelii
363 2336 503 2396 fideliter
530 2345 637 2396 aetum
669 2346 811 2397 constat:

72 2432 117 2507 qui
137 2451 246 2509 pacem
262 2434 537 2494 annuntiaverunt
553 2433 605 2493 his
627 2432 682 2510 qui
700 2451 847 2510 prope‚ao

73 2541 98 2589 et
115 2532 163 2591 his
183 2532 238 2609 qui
262 2532 358 2608 longe
380 2543 481 2593 erant.
525 2532 655 2592 Dehine
677 2532 717 2591 ad
739 2550 811 2608 pas·

73 2627 182 2689 sionem
203 2646 240 2689 se
256 2629 432 2690 convertit:
455 2631 633 2690 ostendens
648 2629 724 2706 quia
739 2646 811 2688 san-

72 2725 155 2799 guine
182 2737 238 2786 tuo
268 2727 497 2803 redempturus
526 2744 619 2787 esses
643 2728 811 2788 mundum.

73 2820 111 2882 Tu
138 2841 265 2902 quoque
296 2824 329 2884 in
361 2825 519 2902 sanguine
547 2825 732 2885 testamenti
764 2826 810 2885 tui

73 2921 193 2982 emisisti
209 2922 338 2982 vinctos
353 2932 427 2982 tuos
442 2923 482 2982 de
498 2923 586 2982 lacu:
608 2922 642 2982 in
665 2941 728 3000 quo
744 2941 846 2991 non25

74 3029 130 3080 erat
149 3039 238 3098 aqua.
282 3021 320 3081 Et
342 3021 404 3080 alia
426 3021 558 3098 quidem
583 3022 684 3082 multa
705 3022 809 3082 isdem

75 3119 213 3193 propheta
245 3129 277 3179 et
305 3119 405 3180 ceteri
434 3121 612 3196 prophetae
644 3122 809 3195 protulere

75 3215 257 3276 testimonia:
273 3232 292 3276 e
307 3217 425 3293 quibus
436 3234 502 3277 non
514 3234 616 3292 pauca
632 3233 718 3276 novo
734 3229 810 3278 sunt

77 3309 179 3374 inserta
198 3314 417 3374 Testamento.
454 3314 523 3374 Nec
546 3314 721 3376 infideliter
742 3334 810 3376 mo-

77 3425 139 3470 vere
158 3413 251 3473 debet
273 3412 452 3488 legentem:
477 3413 505 3472 si
528 3413 691 3473 interdum
717 3414 846 3482 aliterao

78 3509 144 3582 apud
164 3510 389 3587 evangelistas,
411 3521 442 3570 et
464 3511 557 3571 aliter
571 3512 655 3586 apud
671 3514 809 3587 prophe·

419 3614 447 3656 ze
