2128 4190
218 420 259 471 ὦ
276 419 448 470 [SERMONES
461 420 500 463 DF.
510 421 577 464 VITA
590 421 624 463 ΕΤ
636 421 783 464 Passioni
795 421 926 496 DOMlNll
942 423 982 475 ζῇ

220 553 465 616 venerationem
501 572 555 616 me
586 556 780 617 informant:
816 556 984 634 vituperia

219 667 298 711 vero
313 661 368 712 tua
383 660 416 710 et
430 651 510 711 dura
520 652 658 713 verbera
672 670 730 729 pro
745 669 798 712 me
814 665 983 732 suscepta,

220 749 259 809 ad
281 749 366 825 piam
389 748 626 826 sufferentiam,
647 752 686 811 ad
709 751 928 813 humilitatem
951 763 983 812 et

220 846 385 907 caritatem
408 847 586 922 perfectam
609 865 662 908 me
681 849 783 925 magis
799 859 983 925 provocant
1052 927 1053 940 χ

197 955 252 1006 set
280 945 471 1005 accendunt.
514 945 707 1006 Cavendum
736 957 844 1008 autem
875 947 905 1007 ei
931 958 984 1008 est
1052 947 1053 958 ’

219 1042 314 1102 valde
344 1042 399 1118 qui
435 1043 528 1119 signa
562 1053 686 1104 tantum
718 1054 912 1120 veneratur,
951 1057 983 1106 et

220 1156 336 1216 magna
364 1140 397 1200 in
424 1150 456 1201 te
477 1142 683 1203 solummodo
706 1142 908 1203 considerat:
941 1161 983 1204 ne

220 1255 260 1297 ex
296 1237 557 1299 consideratione
592 1240 829 1317 ignominiosae
862 1241 982 1302 mortis

221 1345 295 1396 tuae
317 1337 505 1396 scandalum
521 1347 637 1398 sumat.
672 1336 893 1399 Admirandus
910 1339 983 1416 qui-

187 1453 212 1494 ro
222 1434 295 1493 dem
318 1450 355 1493 es
377 1434 410 1494 in
432 1434 586 1510 operibus
609 1435 718 1496 divina
740 1435 859 1496 virtute
875 1447 982 1513 patra·

221 1529 279 1605 tis,
308 1540 340 1591 et
368 1532 408 1591 de
437 1532 489 1592 his
518 1550 617 1609 super
643 1533 753 1593 omnia
780 1534 983 1610 laudandus3

222 1628 280 1688 sed
308 1639 417 1690 tamen
446 1630 643 1708 improperia
671 1648 707 1692 ac
730 1632 902 1693 maledicta
928 1651 982 1711 pa-

222 1727 340 1788 tienter
369 1727 456 1788 ferre
483 1746 549 1789 non
579 1746 616 1789 es
644 1730 852 1807 dedignatus:
882 1741 982 1808 atque

222 1842 262 1885 eo
284 1825 424 1900 amplius
448 1827 656 1888 adamandus.

188 1943 213 1985 15
262 1920 496 1984 Animadverte
518 1923 616 2001 igitur
637 1927 718 1986 haec
733 1926 841 1986 anima
856 1927 983 1988 tidelis:
1053 1915 1054 1924 ¹

223 2029 261 2080 et
290 2031 379 2082 esto
407 2023 491 2083 Deo
518 2033 633 2099 grata
662 2041 733 2100 pro
762 2024 826 2084 his
855 2026 982 2086 omni·

222 2119 306 2180 bus.
350 2119 523 2181 Consolari
551 2132 583 2182 te
605 2122 701 2182 debet
723 2123 755 2182 in
778 2124 865 2184 omni
889 2141 983 2200 pres·

223 2234 300 2276 sura
328 2227 360 2278 et
388 2218 595 2279 tribulatione
624 2230 678 2280 tua
704 2238 829 2297 pauper
856 2232 889 2281 et
915 2223 983 2282 hu-

224 2303 337 2375 milis
368 2317 503 2377 lesus:
535 2317 590 2394 qui
620 2336 638 2378 a
668 2320 751 2379 Deo
780 2329 812 2379 et
840 2319 983 2379 homini·

187 2413 285 2473 zobus
301 2414 361 2474 fuit
376 2415 410 2474 in
425 2416 565 2475 maxima
582 2416 778 2477 necessitate
793 2417 983 2478 derelictus.

225 2511 299 2570 Non
327 2528 363 2570 cs
389 2512 492 2572 maior
517 2513 658 2573 Domino
684 2523 739 2574 tuo
767 2529 863 2573 serve
889 2514 985 2592 piger

225 2617 257 2668 et
271 2607 412 2670 inutilis:
434 2626 496 2669 nec
518 2610 725 2672 innocentior
740 2611 874 2673 Christo
896 2613 984 2672 chri-

225 2706 339 2766 stiane.
371 2706 405 2767 si
428 2707 482 2767 ille
505 2718 592 2769 tanta
611 2726 669 2785 pro
684 2719 716 2770 te
731 2709 880 2785 pertulit3
902 2711 984 2786 quid

224 2813 336 2880 prote
359 2803 430 2879 ipso
453 2805 570 2882 iacies,
592 2816 624 2867 et
646 2806 722 2883 quid
744 2807 790 2867 illi
813 2807 910 2883 digne
934 2826 984 2869 re-

187 2903 342 2963 aleres?
389 2904 422 2964 Si
454 2906 501 2964 sic
534 2905 630 2965 etiam
661 2905 837 2965 derelictus
868 2914 921 2964 est
952 2915 985 2965 et

226 3001 424 3077 contemptui
447 3002 583 3062 traditus
606 3003 660 3079 qui
685 3002 771 3062 lilius
793 3011 862 3063 erat
883 3002 984 3063 caris·

226 3097 346 3174 simus3
375 3099 452 3175 quid
478 3100 623 3177 gravaris
645 3100 672 3159 si
695 3100 867 3177 aliquando
890 3101 983 3161 dere·

227 3196 385 3272 linqueris
405 3207 436 3256 ct
452 3198 641 3274 despiceris
664 3199 717 3275 qui
741 3208 805 3259 tam
827 3198 983 3276 indignus

226 3310 263 3354 es
285 3295 429 3354 servus?
464 3295 585 3372 llspice
609 3298 775 3373 exemplar
795 3307 886 3358 tuum
910 3305 998 3357 cae·’

189 3393 319 3468 celeste,
341 3393 530 3453 memoriale
550 3405 753 3471 perpetuum.
785 3394 983 3470 Ospeciose

227 3501 258 3550 et
273 3491 522 3566 praecarissime
539 3491 613 3551 Iesu
630 3492 674 3552 lili
691 3492 770 3568 Dei;
785 3491 861 3569 quid
877 3491 982 3569 magis

585 3596 622 3636 184
