2128 4190
73 447 401 503 erosososemeros
437 451 481 502 [ει]
515 451 835 506 msotosorossueso

73 580 109 640 in
140 590 172 640 te
201 581 400 659 admirabor,
429 585 491 645 alta
517 586 569 645 vel
592 585 755 646 humilia?
797 586 836 646 Et

74 678 156 754 quid
171 679 245 755 plus
260 682 395 758 notab03
410 683 507 760 digna
521 701 560 743 an
577 682 735 760 indigna?
771 684 835 745 Sed

73 787 215 854 utraque
237 777 334 838 simul
357 780 476 840 melius
498 790 530 841 et
552 780 673 842 verius
705 781 835 842 Formo-

72 892 151 934 sum
174 884 206 935 et
228 876 328 936 altum
352 887 385 938 te
407 877 575 954 conspicio
598 877 631 938 in
654 887 769 939 natura
790 879 835 939 di-

73 973 169 1033 vina:
201 973 381 1034 deformem
411 992 489 1035 vero
521 987 553 1036 et
582 977 772 1052 despectum
802 977 859 1037 ins

73 1071 189 1147 specie
225 1072 375 1132 humana.
428 1073 500 1133 Hoc
536 1090 668 1149 semper
703 1091 835 1135 manes:

73 1168 165 1228 istud
194 1170 233 1229 ad
262 1178 392 1245 tempus
415 1187 532 1246 passus
554 1188 600 1231 es,
645 1171 783 1248 Insuper
805 1182 836 1232 et

72 1268 206 1346 spiritui
229 1284 303 1329 meo
325 1270 462 1345 pulcher
483 1286 520 1328 es
542 1269 630 1330 intus
659 1280 692 1331 et
717 1271 835 1330 amabi·

74 1367 136 1441 lis,
165 1383 267 1442 purus
289 1377 321 1427 et
342 1366 558 1444 inviolabilis3
585 1369 663 1445 quia
686 1369 724 1428 ab
747 1369 835 1429 omni

74 1463 198 1525 delicto
229 1464 373 1525 alienus:
405 1465 481 1526 licet
511 1467 550 1526 ad
580 1477 669 1528 extra
698 1468 835 1528 multum
847 1486 873 1527 lo

73 1562 269 1636 deturpatus
290 1570 323 1621 et
344 1562 490 1638 plagatus
512 1562 663 1623 videaris.
701 1565 838 1640 Propter

74 1669 213 1736 peccata
234 1675 307 1718 mea
328 1659 516 1736 denigratus
538 1671 570 1721 et
592 1678 770 1737 percussus
791 1679 837 1735 es,

73 1767 108 1818 et
151 1757 337 1818 crucifixus.
395 1758 662 1821 Scandalizantur
702 1759 836 1820 forsitan

74 1855 166 1916 oculi
203 1855 351 1931 corporei
387 1855 612 1932 insipientium
653 1869 685 1918 et
725 1875 836 1933 super·

74 1955 211 2014 borum:
233 1969 298 2013 non
321 1962 429 2013 autem
451 1955 628 2015 amantium
651 1965 748 2032 atque
770 1956 873 2031 pio-rs

75 2070 171 2127 rum3
201 2050 303 2128 magis
324 2061 432 2112 autem
456 2053 696 2129 compatiuntur
717 2064 749 2115 et
770 2056 837 2131 plo·

76 2158 168 2211 rant:
198 2148 252 2225 qui
281 2149 314 2209 in
343 2149 479 2210 veritate
507 2161 539 2211 te
561 2151 707 2228 diligunt.
750 2152 835 2214 Cum

74 2248 199 2310 talibus
215 2247 326 2308 vivere
342 2247 510 2310 desidero:
532 2249 587 2326 qui
610 2259 642 2309 te
657 2259 723 2310 toto
739 2252 836 2310 corde

75 2346 271 2422 diligentes,
300 2362 404 2422 usque
431 2347 470 2406 ad
496 2346 708 2424 ignominiam
731 2348 838 2408 crucis

75 2452 273 2520 sequuntur.
310 2443 384 2502 Non
400 2459 437 2504 es
452 2445 641 2505 scandalum
661 2445 759 2506 mihi:
781 2448 875 2507 sedzo

77 2540 245 2602 maximus
273 2542 378 2601 honor
407 2552 439 2602 et
466 2543 630 2618 gaudium.
673 2544 756 2604 Nam
785 2544 839 2603 de·

77 2639 229 2699 formitas
253 2649 307 2699 tua
328 2657 401 2700 mea
416 2650 466 2700 est
481 2641 706 2718 pulchritudo;
727 2643 839 2719 plagae

77 2748 155 2798 tuae
184 2746 217 2796 et
245 2737 373 2814 singula
399 2739 536 2798 vulnera
564 2740 686 2801 sanitas
712 2740 838 2800 animae

79 2849 192 2894 meae:
215 2843 247 2894 et
268 2852 357 2895 mors
379 2845 433 2896 tua
448 2837 515 2896 vita
529 2854 610 2898 mea.
644 2838 680 2897 ln
696 2838 748 2898 his
764 2838 838 2898 vivo

79 2941 112 2991 et
134 2932 169 2990 in
192 2931 310 2991 talibus
332 2931 398 2992 vita
420 2932 555 3008 spiritus
577 2935 658 3010 mei3
681 2934 838 3010 corripies
848 2952 875 2994 25

79 3046 134 3089 me
164 3029 192 3089 si
221 3047 287 3090 non
315 3029 497 3091 meminero
527 3031 589 3091 tui:
619 3032 646 3092 si
676 3050 741 3092 non
768 3049 839 3108 pro·

78 3144 224 3203 posuero
246 3127 503 3203 passionem
531 3138 639 3189 tuam
667 3129 706 3189 in
734 3129 839 3206 prin·

79 3224 205 3300 cipio
235 3225 446 3285 laetitiae
475 3243 603 3286 meae.
647 3227 722 3288 Scio
752 3227 839 3288 enim

79 3323 158 3400 quis
187 3322 233 3382 sis
255 3322 394 3384 Sanctus
417 3323 478 3383 Dei
508 3325 563 3400 qui
592 3326 674 3385 haec
698 3326 762 3402 pati
785 3344 840 3386 vo·

79 3419 188 3480 luisti:
217 3430 249 3481 et
277 3422 374 3481 credo
403 3422 479 3498 quia
507 3424 731 3512 propeccatis
757 3425 876 3485 melseo

80 3518 222 3578 libenter
244 3518 305 3579 ista
326 3520 498 3596 pertulisti.

443 3626 481 3668 185
