2122 4196
229 465 270 516 &ss
304 462 473 505 ΜΕΒΙΤΑΤῙΟ
491 464 529 505 DE
546 463 775 506 INCARNATIONE
790 462 916 506 CHRISTI
953 464 996 515 K&

231 598 348 657 iubens
378 607 413 657 ut
435 614 556 658 nomen
577 608 668 658 tuum
692 597 777 673 quod
800 607 894 657 antea
917 615 994 674 per-

231 697 438 772 sequebatur,
460 713 519 771 per
540 705 642 755 totum
658 695 794 755 veheret
811 696 993 755 mundum:

230 811 291 853 nec
314 793 444 854 timeret
466 793 545 853 illud
567 803 696 869 portare
710 809 819 852 coram
835 793 993 870 gentibus

230 902 274 952 et.
286 892 417 968 regibus
447 902 479 952 et
509 890 585 950 liliis
608 892 718 951 lsrael.
760 891 827 968 Qui
852 902 992 953 strenue

206 991 429 1066 sapostolatus
451 990 502 1048 sui
526 990 667 1065 implens
683 989 847 1048 oflicium:
869 1006 906 1049 ac
930 1007 993 1066 per

229 1086 376 1147 diversas
405 1089 517 1147 mundi
547 1089 737 1148 discurrens
758 1099 867 1164 partes
889 1105 991 1149 evan-

227 1185 331 1261 gelica
362 1186 481 1246 cecinit
511 1187 603 1262 tuba3
637 1186 853 1264 pervenitque
883 1203 991 1246 sonus

229 1283 372 1343 nominis
395 1283 440 1344 tui
464 1284 497 1343 in
521 1283 603 1343 lines
619 1284 708 1344 orbis
723 1293 845 1344 terrae:
868 1300 929 1359 per
952 1300 991 1342 os

228 1381 457 1457 gloriosissimi
481 1381 582 1441 Pauli.
627 1382 692 1441 lam
722 1382 809 1441 enim
839 1398 905 1440 non
938 1390 991 1440 est

195 1478 261 1537 roin
292 1479 370 1538 orbe
400 1478 557 1539 ecclesia:
589 1496 672 1556 quae
695 1480 780 1539 beati
805 1479 895 1539 Pauli
921 1495 989 1538 non

229 1577 381 1638 fulciatur
412 1577 574 1652 doctrina,
610 1579 671 1637 sub
707 1593 785 1653 pace
817 1577 989 1637 catholica.

229 1673 387 1735 Contudit
399 1675 553 1750 ludaeos3
569 1684 601 1735 et
611 1677 825 1736 vehementer
835 1692 893 1735 eos
912 1693 989 1735 auc-

227 1772 355 1833 toritate
371 1783 555 1834 sanctarum
577 1774 809 1850 scripturarum
826 1773 988 1834 convicit:

227 1869 394 1930 affirmans
417 1872 569 1947 quoniam
593 1881 626 1931 tu
649 1889 686 1930 es
709 1871 864 1932 Christus
897 1870 988 1930 lilius

194 1969 300 2028 15Dei.
330 1968 482 2030 Gentiles
505 1968 675 2042 convertit,
697 1968 783 2028 idola
804 1968 885 2027 nihil
909 1985 988 2028 esse

227 2067 353 2142 docuit3
379 2067 533 2127 barbaros
555 2067 748 2143 subiugavit,
770 2065 988 2141 philosophos

226 2164 422 2226 confutavit:
445 2175 477 2226 et
499 2182 615 2225 omnes
638 2164 758 2240 pariter
779 2163 817 2223 ad
841 2162 917 2222 fidei
940 2165 987 2222 lu-

227 2279 302 2322 men
325 2262 429 2323 traxit.
467 2262 530 2321 Hic
554 2270 604 2322 est
625 2261 681 2321 ille
703 2260 834 2320 divinus
852 2260 987 2334 Paulus,

188 2373 189 2377 ’
227 2359 281 2435 qui
305 2360 343 2420 ad
367 2359 447 2419 caeli
470 2359 557 2419 tertii
581 2370 707 2419 secreta
730 2367 856 2434 raptus:
887 2375 987 2418 evan·
1046 2403 1047 2440 i

189 2456 346 2532 ogelium
368 2456 453 2532 quod
476 2455 684 2531 praedicavit,
706 2472 770 2515 non
787 2455 825 2514 ab
849 2456 986 2516 homine
1046 2483 1047 2499 κ

226 2569 333 2628 neque
345 2569 403 2628 per
415 2553 593 2628 hominem,
610 2552 667 2612 sed
679 2569 738 2628 per
748 2553 985 2615 revelationem

226 2660 313 2708 tuam
331 2650 405 2710 lesu
428 2650 562 2711 Christe
585 2649 706 2709 didicit.
743 2651 886 2728 Ideoque
909 2669 986 2712 con-

227 2745 380 2806 fidentius
403 2748 482 2808 illud
505 2747 702 2822 praedicare,
725 2758 757 2809 et
774 2748 985 2825 magnificen-

227 2844 291 2904 tius
314 2844 353 2904 de
376 2861 415 2904 eo
432 2844 577 2905 scribere
600 2844 719 2920 potuit:
742 2846 827 2906 sicut
842 2855 874 2906 et
897 2846 985 2907 lecit.
1045 2915 1046 2928 ἒ

189 2957 216 2998 25
227 2941 383 3017 Magnum
400 2953 450 3002 est
465 2941 570 3018 inquit
581 2953 820 3002 sacramentum
836 2943 985 3019 pietatis:

226 3039 312 3116 quod
335 3039 576 3099 manifestatum
600 3040 704 3099 estin
727 3057 840 3116 carne,
868 3042 985 3102 iustili-

226 3146 333 3197 catum
363 3149 413 3198 est
442 3138 475 3196 in
507 3138 641 3213 spiritu,
670 3138 817 3214 apparuit
841 3140 984 3215 angelis;

225 3234 445 3309 praedicatum
468 3245 518 3295 est
546 3235 715 3311 gentibus,
744 3236 903 3296 creditum
933 3249 984 3298 est

226 3332 259 3390 in
282 3332 420 3392 mundo:
443 3342 646 3408 assumptum
670 3344 720 3393 est
742 3333 775 3392 in
797 3334 908 3410 gloria.

147 3457 190 3488 lv·
267 3429 361 3489 Dicat
384 3438 415 3489 et
437 3429 581 3490 Andreas
604 3431 703 3492 frater
718 3430 862 3492 Simonis
884 3432 983 3508 Petri,

126 3510 476 3586 DREAS'ardentissimus
512 3538 637 3589 amator
667 3528 793 3604 crucisi
825 3547 910 3590 unus
942 3549 981 3594 ex

589 3635 617 3674 36
