2128 4190
232 457 272 508 φὶ
290 455 462 506 [SERMONES
475 455 513 497 DE
523 455 590 497 VITA
601 454 637 497 ET
647 454 796 497 PASSIONE
808 455 931 505 DOMINI]
947 455 983 506 K&

234 589 345 650 Grave
367 588 465 666 igitur
480 589 540 649 fuit
555 599 723 666 peccatum
740 589 884 650 hominis
900 589 983 666 quod

233 696 321 747 tanto
343 695 490 762 tempore
513 697 544 747 et
565 687 663 747 tantis
683 687 850 747 doloribus
865 687 918 746 vix
934 703 984 746 ex·
1040 705 1041 712 ¹

234 785 313 862 piari
330 785 449 862 potuit:
471 802 529 861 pro
545 802 609 862 quo
633 794 664 844 et
680 784 741 844 Dei
764 784 866 844 filium
885 784 984 844 cruci-

235 883 287 960 figi
304 899 340 942 ac
356 883 438 943 mori
454 883 678 943 necessarium
695 881 764 941 fuit.
796 882 891 942 Vnde
913 882 985 958 quia

211 980 390 1057 sfragiiitas
412 982 554 1040 humana
576 989 625 1040 est
644 979 739 1039 valde
753 996 879 1056 magna,
901 988 932 1039 et
948 978 985 1037 ad

234 1079 354 1138 malum
384 1095 486 1154 prona
514 1079 552 1138 ab
581 1077 803 1138 adulescentia
834 1094 909 1136 sua:
940 1076 984 1135 in-

235 1193 334 1251 super
356 1187 387 1237 et
409 1195 449 1236 ex
464 1176 575 1236 multis
590 1176 818 1237 occasionibus
841 1183 873 1234 et
887 1183 986 1248 temp·

235 1272 410 1333 tationibus
433 1273 590 1351 contingit
611 1273 762 1334 homines
785 1288 922 1349 peccare
944 1270 986 1329 di·

234 1371 341 1431 versis
363 1371 565 1448 temporibus
593 1381 625 1432 et
648 1371 739 1432 horis
767 1379 833 1430 tam
863 1367 986 1428 diurnis

202 1486 331 1545 roquam
363 1469 551 1544 noctumiS‚
587 1486 685 1546 saepe
717 1469 813 1529 etiam
847 1467 987 1527 scienter

235 1583 333 1642 saepe
356 1566 558 1643 ignoranter:
587 1567 630 1626 ita
652 1577 686 1627 ut
707 1566 761 1626 vix
790 1566 898 1643 aliqua
920 1567 986 1627 dies

235 1664 287 1723 vel
309 1666 390 1723 hora
410 1674 592 1739 praetereat
606 1664 730 1741 absque
745 1664 864 1725 delicto
880 1675 912 1725 et
928 1663 984 1724 Dei

236 1761 378 1837 offensa3
400 1761 521 1822 idcirco
544 1779 585 1823 ne
607 1762 705 1821 homo
721 1769 854 1837 propter
875 1761 987 1822 nimie·

236 1870 332 1919 tatem
343 1860 534 1920 delictorum
545 1858 987 1934 suorumdesperetdevenia

202 1958 482 2035 reconsequenda:
499 1957 646 2018 Salvator
660 1966 773 2016 noster
789 1956 882 2015 lesus
894 1955 987 2017 Chri·

236 2064 306 2115 stus
328 2072 446 2131 passus
468 2066 518 2116 est
539 2073 597 2132 pro
622 2055 775 2115 omnibus
804 2053 900 2113 nobis
921 2071 988 2130 gra·

236 2152 390 2213 vissimos
420 2154 566 2228 dolores,
597 2154 693 2229 longo
721 2161 869 2226 tempore
898 2161 930 2210 et
957 2149 987 2208 in

237 2250 377 2310 diversis
405 2251 513 2327 horis;
541 2250 618 2328 quia
645 2267 704 2326 per
732 2259 831 2310 totam
861 2258 987 2309 noctem

238 2358 269 2407 et
291 2347 376 2407 diem
398 2365 457 2423 pro
486 2348 628 2424 peccatis
651 2348 791 2407 filiorum
821 2346 987 2406 hominum

201 2445 394 2508 201aboravit
415 2446 624 2506 sustinendo:
653 2445 847 2521 saepissime
874 2443 989 2519 pretio·
1041 2454 1042 2459 ’

238 2561 310 2603 sum
333 2543 525 2619 sanguinem
555 2560 650 2603 suum
674 2542 859 2603 effundens
902 2540 989 2601 Tunc

239 2641 335 2701 etiam
364 2640 526 2701 veraciter
551 2641 583 2701 in
608 2640 661 2701 his
688 2640 891 2716 temporibus
920 2655 989 2714 sep·

239 2750 303 2799 tem
315 2740 412 2798 horas
428 2740 602 2800 canonicas
617 2739 656 2799 ad
672 2738 800 2798 laudem
813 2736 874 2797 Dei
889 2736 990 2796 Patris

239 2837 289 2896 sui
306 2837 497 2912 complevit:
519 2854 584 2896 non
601 2836 747 2896 canendo
763 2834 821 2894 sed
840 2833 989 2910 patiendo

203 2945 271 2998 eset
292 2935 414 2994 orando
436 2950 494 3009 pro
516 2933 621 2993 nobis.
652 2932 863 3009 Quapropter
877 2948 990 2991 omnes

239 3031 382 3107 religiosi
394 3032 543 3106 exemplo
556 3031 681 3093 Christi
697 3029 862 3091 informati
874 3029 990 3090 debent

239 3131 297 3189 has
313 3140 438 3205 septem
455 3130 552 3189 horas
568 3128 686 3189 cotidie
702 3129 772 3188 Deo
788 3127 989 3203 persolvere3

239 3227 314 3304 quia
330 3226 485 3288 Christus
508 3236 613 3286 semet
634 3227 741 3302 ipsum
764 3225 988 3286 holocaustum

240 3326 310 3385 Deo
339 3325 373 3384 in
395 3325 528 3384 odorem
551 3323 721 3383 suavitatis
750 3323 783 3382 in
806 3340 861 3382 ara
885 3323 989 3382 crucis

203 3422 370 3499 moptulit:
401 3432 433 3482 et
461 3432 624 3497 tamquam
647 3422 772 3481 electus
800 3419 886 3480 aries
909 3419 990 3479 inter

240 3535 357 3594 vepres
386 3529 592 3593 peccatorum
622 3518 786 3594 pendens,
815 3533 873 3593 pro
904 3517 987 3576 lsaac

596 3621 637 3664 reo
