2118 4186
80 620 155 680 sed
178 619 378 695 patiendi.
423 621 499 681 ldeo
522 632 693 698 expectare
716 633 842 698 oportet

79 730 214 794 tempus
243 718 517 778 remunerationis
546 737 564 778 a
593 721 663 780 Deo
691 720 841 796 praefini-

79 827 170 891 tum3
202 825 234 875 et
262 832 355 876 orare
384 816 625 893 indesinenter,
656 819 760 878 donec
789 819 841 878 ad-

79 913 192 974 veniat
222 931 358 990 regnum
382 913 460 974 Dei:
489 916 529 975 de
558 932 622 992 quo
652 915 842 992 frequenter

79 1014 213 1072 locutus
244 1022 295 1072 est
326 1012 419 1071 lesus
455 1030 529 1072 cum
565 1013 735 1089 discipulis
771 1015 864 1075 suiss

79 1121 256 1187 antequam
272 1110 464 1170 ascenderet
479 1110 512 1169 in
524 1113 664 1190 caelum3
680 1126 840 1190 quatenus

79 1208 202 1269 auditis
224 1207 498 1284 promissionibus
524 1210 646 1286 gloriae
668 1211 840 1288 perennis:

79 1305 264 1366 tolerabilia
277 1306 353 1367 fiant
365 1305 542 1366 certamina
551 1307 636 1368 vitae
648 1310 839 1384 praesentis.

80 1404 121 1463 Et
143 1413 231 1464 tanto
254 1403 357 1480 magis
372 1404 501 1464 animus
516 1405 699 1467 inardescat
715 1408 753 1467 ad
770 1424 839 1466 cae-

78 1503 195 1562 lestia:
231 1511 350 1578 quanto
381 1501 496 1562 durius
526 1502 680 1580 affligitur
715 1505 748 1563 in
779 1507 876 1565 hacto

79 1600 164 1675 vita;
191 1600 268 1676 quia
294 1601 369 1659 hoc
391 1611 455 1660 est
477 1601 653 1662 evidens
676 1603 838 1679 signum

78 1697 123 1757 in
160 1697 328 1758 electis
364 1716 421 1774 pro
458 1699 630 1776 adeptione
663 1711 839 1777 perpetuae

79 1796 214 1856 salutis:
245 1796 272 1856 si
305 1797 488 1858 sustineant
518 1797 679 1874 patienter
709 1800 839 1860 tribula-

79 1894 189 1954 tiones
225 1905 256 1955 et
289 1896 417 1956 labores
447 1914 506 1973 pro
537 1895 670 1957 nomine
702 1897 838 1959 Christi.

79 1992 165 2052 Nam
190 1993 357 2068 oportebat
379 1995 444 2070 pati
461 1994 649 2056 Christum:
672 2005 704 2055 et
726 1996 769 2055 ita
791 1995 835 2055 in·
851 2013 874 2054 15

79 2101 165 2150 trare
189 2089 222 2150 in
244 2091 378 2167 gloriam
402 2110 504 2153 suam.
542 2094 684 2171 ideoque
707 2111 764 2170 per
785 2111 838 2170 pa-

78 2186 227 2248 tientiam
263 2198 296 2248 et
331 2189 473 2250 laborem
506 2191 571 2252 itur
601 2193 639 2251 ad
671 2192 838 2269 requiem:

78 2287 155 2363 quia
172 2287 268 2347 Pater
282 2289 407 2348 nullum
424 2290 540 2366 recipit
562 2290 594 2350 in
615 2290 752 2365 caelum,
774 2290 836 2349 nisi

77 2401 138 2459 per
165 2385 351 2460 passionem
375 2396 407 2445 et
429 2403 560 2446 crucem
584 2397 717 2447 secutus
741 2387 838 2449 fuerit

78 2482 183 2543 filiurn
200 2499 295 2542 suum
312 2483 579 2544 dilectissimum:
595 2502 692 2561 quem
709 2486 873 2547 tradidit20

76 2599 136 2656 pro
152 2581 296 2656 peccatis
311 2581 433 2642 nostris
448 2581 714 2658 crucifigendum.
751 2584 837 2644 Leva

76 2679 177 2756 igitur
199 2695 255 2738 cor
270 2697 413 2755 sursum,
435 2681 544 2756 aspice
560 2697 677 2740 versus
693 2681 836 2741 caelum:

77 2777 252 2837 considera
262 2795 327 2854 quo
342 2778 420 2838 abiit
435 2779 573 2839 dilectus
588 2788 675 2853 tuus,
690 2780 836 2854 expande

77 2886 153 2953 post
174 2892 249 2934 eum
273 2892 389 2936 manus
408 2887 497 2952 tuas;
519 2893 575 2936 ora
590 2877 684 2937 flexis
698 2877 836 2953 genibus

78 2983 111 3032 et
133 2972 258 3032 crebris
279 2973 465 3049 gemitibus
487 2983 521 3034 ut
543 2975 646 3034 mittat
661 2975 718 3035 tibi
735 2975 871 3050 Spiri-as

75 3079 146 3129 tum
174 3078 322 3130 sanctum
352 3071 541 3146 paraclitum
571 3073 604 3132 in
632 3091 688 3133 cor
715 3083 832 3133 tuum

75 3167 249 3227 aridum
279 3177 310 3228 et
341 3168 509 3246 frigidum:
538 3172 593 3247 qui
622 3181 653 3231 te
680 3173 835 3232 accendat

77 3277 110 3325 et
126 3264 243 3342 dirigat
262 3267 301 3326 ad
323 3284 440 3327 omne
462 3269 609 3328 bonum
632 3268 835 3328 alacriter

76 3362 325 3439 perficiendum.
356 3364 474 3425 Amen.

428 3506 481 3560 33

432 3665 477 3707 293
