2122 4196
54 443 99 496 QX:
135 442 303 486 MEDITATIO
320 443 357 485 DE
374 443 604 487 INCARNATIONF.
620 444 744 488 CHRISTI
777 445 817 497 ἵει)

57 577 189 637 fidelior
204 577 337 638 Simone
356 579 501 654 lepros03
524 578 599 655 quia
614 578 669 638 ille
685 579 817 653 dubitat,

57 675 123 735 ista
152 675 269 735 credit:
298 675 354 734 ille
382 676 608 750 reprehendit,
637 675 699 735 ista
720 692 818 736 vene·

59 782 152 833 ratur
165 782 198 834 et
213 773 325 850 diligit.
351 773 409 832 llle
425 773 539 833 falsam
555 773 711 833 iustitiam
727 789 818 850 prae·

58 871 181 931 tendit:
216 871 278 930 ista
307 887 417 930 veram
449 870 665 931 humilitatem
697 871 818 947 ubique

58 968 214 1030 ostendit.
238 968 328 1030 Haec
340 981 389 1030 est
403 970 587 1046 gratissima
603 980 635 1030 et
651 969 842 1030 familiariss

59 1065 167 1126 amica
189 1076 259 1150 tua3
288 1083 371 1143 quae
393 1077 466 1144 post
487 1068 588 1128 multa
609 1067 820 1129 humanitatis

61 1163 239 1239 obsequia:
258 1166 355 1225 etiam
370 1166 463 1227 testis
479 1166 730 1227 resurrectionis
745 1176 820 1226 tuae

62 1261 134 1320 fleri
158 1262 288 1337 meruit,
311 1273 342 1324 et
363 1263 476 1324 nuntia
498 1264 611 1340 prima.

104 1359 236 1426 Martha
251 1369 358 1422 autem
370 1379 463 1421 soror
478 1362 550 1422 eius
569 1374 720 1439 satagens
736 1361 892 1421 circama-

64 1459 223 1541 irequens
239 1459 473 1520 ministerium:
494 1460 658 1535 perlectae
674 1459 748 1519 fidei
764 1457 820 1518 tibi
835 1439 886 1472 rm

64 1556 172 1617 reddit
194 1557 427 1618 testimonium.
469 1558 535 1635 Ego
557 1557 662 1634 inquit
684 1555 822 1616 credidi:

65 1654 145 1730 quia
158 1664 192 1714 tu
214 1671 249 1714 es
266 1653 422 1715 Christus
438 1655 524 1715 iilius
539 1655 600 1714 Dei
617 1655 671 1731 qui
687 1655 719 1714 in
736 1655 823 1713 hunc

66 1752 226 1832 mundum
256 1752 386 1813 venisti.
430 1753 520 1812 Haec
549 1762 599 1813 est
627 1752 682 1811 illa
708 1751 824 1811 dilecta

66 1849 200 1930 hospita
214 1859 279 1925 tua,
301 1867 384 1927 quae
400 1850 580 1911 honorilice
597 1859 628 1912 te
644 1849 775 1924 saepius
790 1848 823 1907 in

68 1947 860 2023 domumsuamrecepitcorporaliter3sedintrars

68 2047 203 2128 domum
235 2047 355 2107 mentis
386 2063 466 2106 suae
498 2046 671 2123 gratiorem
702 2043 825 2121 paravit

69 2144 179 2225 lorum
189 2144 383 2204 mansionis:
394 2143 448 2204 ubi
461 2143 534 2219 lide,
544 2161 613 2219 spe,
623 2154 719 2219 atque
728 2142 826 2202 dilec-

61 2237 150 2321 infi'n
179 2242 406 2322 congaudente
429 2240 616 2317 spiritaliter
638 2239 826 2299 recubuisti.

63 2360 152 2418 ferse
183 2356 220 2398 us
245 2355 375 2416 quoque
397 2339 575 2415 perlectam
598 2337 695 2398 fidem
718 2353 826 2396 aemu-

63 2455 154 2517 divin
175 2435 280 2513 uulier
308 2435 466 2512 quaedam
493 2435 532 2494 de
556 2437 665 2496 turba:
695 2435 863 2496 sublimiao

63 2565 145 2614 tates
164 2609 167 2614 ,
188 2533 355 2593 clamabat.
408 2533 530 2592 Beatus
564 2544 679 2594 venter
709 2532 764 2608 qui
796 2542 827 2592 te

7 2631 8 2646 *
68 2648 119 2707 po,
138 2631 226 2714 3avit:
249 2641 281 2690 et
303 2631 404 2691 ubera
425 2646 508 2706 quae
526 2631 652 2691 suxisti.
689 2631 828 2707 Magnae

69 2729 256 2789 devotionis
289 2739 321 2789 et
354 2728 428 2788 fidei
460 2729 541 2788 haec
573 2729 692 2789 mulier
725 2728 828 2788 luisse

69 2827 296 2904 cognoscitur:
324 2842 407 2902 quae
436 2825 553 2886 scribis
582 2838 613 2887 et
644 2825 829 2886 Pharisaeis

69 2936 102 2986 te
130 2924 451 3000 blasphemantibus,
481 2934 568 2984 tanta
596 2913 865 2986 incarnationiszs

70 3033 146 3083 tuae
168 3021 361 3099 mysterium
385 3021 571 3082 sinceritate
594 3020 775 3082 confitetur.

113 3120 292 3182 Perhibent
321 3120 417 3180 etiam
441 3137 552 3180 sacrae
575 3119 718 3196 virgines
741 3119 918 3179 testi-vuor-

72 3219 220 3280 monium
251 3217 325 3278 tibi:
354 3235 492 3293 quarum
520 3235 661 3295 sponsus
693 3227 724 3277 et
755 3234 829 3276 con·
858 3200 903 3232 ⁸²⁵

73 3318 196 3376 solator
217 3315 367 3392 dignatus
390 3332 426 3376 es
449 3314 529 3376 lieri.

113 3415 215 3474 Beata
236 3412 365 3497 Agatha
395 3413 536 3489 ingenua
557 3413 648 3490 virgo
678 3422 710 3473 et
738 3429 901 3489 spec-tor-

73 3511 180 3572 tabilis
211 3526 332 3588 genere
361 3510 413 3571 ait.
464 3511 561 3571 lllens
593 3528 666 3571 mea
696 3495 894 3570 solidatam

7 3605 8 3622 ³
100 3615 401 3668 ThomaaaK.0pera.lll.
442 3616 469 3656 49
711 3615 724 3655 4
