2122 4196
88 460 247 513 mim
295 459 411 502 onnrlo
426 459 466 501 nb
482 457 638 502 CHRISTVM
684 459 845 512 Ζᾶὶἵῶξῦ

88 593 251 654 desiderio
280 593 530 669 contemplando
560 592 727 653 satiantur.
774 590 844 652 Tibi

88 693 155 752 laus
177 692 236 752 tibi
259 691 362 768 gloria
384 691 439 751 tibi
463 690 749 767 gratiarumactio,
771 705 845 748 cum

88 790 181 850 Patre
205 798 237 849 et
254 788 376 865 Spiritu
399 799 511 849 sancto
532 789 565 848 in
581 789 712 848 saecula
734 804 846 847 saecu-

86 887 201 946 lorum.
246 885 363 946 Amen.

85 1106 254 1170 enarro
285 1106 345 1167 nn
375 1107 627 1183 cnmmvn,
659 1107 736 1184 Qvi
769 1107 868 1167 asrs

84 1205 202 1267 vena
226 1205 323 1280 va,
343 1203 430 1280 vm,
449 1202 634 1264 vennas
659 1204 710 1264 er
733 1203 845 1265 vnn.

85 1318 321 1537 iffiomne
345 1376 419 1435 Iesu
440 1374 575 1435 Christe
597 1376 708 1435 lumen
730 1392 844 1435 verum

86 1429 99 1512 i
219 1484 388 1533 aeternum
405 1482 437 1532 et
448 1472 724 1548 incommutabile,
739 1473 794 1550 qui
806 1473 845 1532 ad

85 1571 318 1631 illuminandas
340 1571 502 1629 humanae
534 1569 735 1646 ignorantiae
756 1581 845 1631 tene·

84 1671 169 1744 braS,
186 1670 219 1729 in
231 1668 330 1728 huius
342 1667 454 1727 mundi
466 1683 631 1727 carcerem
643 1668 845 1727 descendere
857 1689 881 1729 io

84 1767 238 1843 dignatus
260 1782 307 1840 es,
328 1775 364 1825 ut
378 1765 464 1824 viam
481 1765 575 1825 nobis
591 1765 784 1825 ostenderes
806 1766 844 1825 ad

85 1864 221 1941 patriam
252 1863 406 1923 claritatis
438 1871 607 1937 aeternae,
637 1861 691 1921 ubi
722 1863 844 1923 sanctis

85 1962 212 2039 angelis
241 1977 373 2036 semper
402 1976 560 2034 praesens
585 1977 621 2019 es
644 1970 675 2020 et
697 1961 768 2020 sine
791 1962 844 2021 de-

75 2061 175 2120 ,iectu
206 2060 313 2134 luces,
349 2058 464 2118 exaudi
501 2074 616 2134 preces
652 2059 844 2120 humilitatis

85 2175 190 2233 meae,
212 2168 244 2217 et
260 2155 411 2217 deificum
427 2157 507 2216 iliud
523 2157 633 2216 lumen
649 2156 736 2232 quod
751 2173 880 2219 mun-15

85 2257 124 2316 do
148 2254 354 2332 praedicasti,
377 2265 409 2314 et
425 2253 552 2314 cunctis
567 2270 626 2329 per
641 2254 753 2317 orbern
767 2271 844 2330 gen·

85 2354 171 2414 tibus
194 2352 373 2429 praedicari
397 2351 539 2427 iussisti,
567 2351 656 2412 cordi
680 2367 753 2411 meo
775 2368 843 2428 gra-

85 2452 169 2511 tiosa
191 2450 337 2526 largitate
359 2449 507 2524 infunde,
537 2460 571 2509 ut
593 2466 788 2525 cognoscam
810 2449 843 2508 in

85 2557 172 2608 terra
203 2548 476 2626 peregrinationis
508 2564 600 2607 meae
629 2546 714 2607 viam
745 2557 844 2622 tuam,

86 2655 249 2722 quatenus
271 2646 392 2706 saeculi
408 2646 549 2706 vanitate
572 2645 684 2705 relicta
706 2656 738 2706 et
755 2646 879 2709 curisao

87 2743 194 2803 camis
224 2742 359 2802 abiectis
389 2754 420 2803 te
444 2742 636 2804 Creatorem
668 2759 777 2801 meum
806 2759 842 2802 ac

5 2903 6 2908 ,
88 2841 355 2916 Redemptorem,
390 2841 541 2917 passibus
573 2857 692 2916 sequar
722 2840 843 2900 amoris

87 2956 191 3016 usque
223 2939 262 2998 ad
298 2939 420 2999 exitum
451 2939 536 2999 vitae
567 2951 659 2999 meae
690 2936 723 2996 in
754 2938 842 2997 omni

87 3045 275 3113 paupertate
297 3047 330 3097 et
351 3037 550 3111 humilitate,
579 3036 612 3095 in
638 3034 792 3111 patientia
812 3044 843 3094 et

87 3134 341 3212 longanimitate,
369 3135 401 3194 in
425 3134 489 3194 iide
511 3151 569 3209 spe
592 3144 623 3194 et
645 3132 787 3207 caritate,
809 3132 878 3199 in25

87 3232 272 3306 sobrietate,
294 3231 327 3290 in
343 3231 489 3291 castitate
505 3241 536 3290 et
551 3229 757 3290 oboedientia
772 3246 842 3305 per·

89 3331 180 3390 fecta,
217 3328 264 3389 Tu
287 3346 323 3389 es
346 3329 433 3390 enim
456 3330 625 3406 speculum
641 3327 726 3388 vitae
742 3335 774 3386 et
795 3327 842 3386 iu-

5 3495 6 3506 ,
89 3445 184 3488 cerna
206 3427 306 3488 totius
328 3426 518 3502 sanctitatis,
542 3426 596 3502 qui
619 3441 672 3485 me
694 3440 842 3500 praeces·

89 3525 157 3587 sisti
180 3525 214 3585 in
236 3525 290 3584 via
311 3525 450 3601 virtutis,
478 3535 512 3585 ut
535 3541 587 3584 me
609 3523 785 3584 reduceres
808 3522 840 3582 in

450 3628 478 3670 ss
