2118 4186
88 460 415 518 &mmmmm
451 463 850 517 [wlffddmfflffiw

89 597 260 674 psallitur,
288 607 351 658 tarn
381 614 480 674 saepe
508 597 541 658 in
568 597 659 658 horis
685 597 851 658 canonicis

90 693 269 770 repetitur;
291 704 323 755 et
344 694 414 754 suis
436 695 558 755 notulis
575 694 782 780 devotionem
798 712 851 755 ex·

91 791 181 866 citat,
196 801 229 851 et
243 791 411 868 dispersos
426 791 598 868 recolligit:
614 803 646 854 et
656 793 695 852 ad
706 809 851 853 amorem

92 888 221 951 Christi
238 888 427 949 avidissime
442 889 549 950 trahit.
580 887 738 951 Ausculta
756 890 853 967 igitur

90 1004 160 1046 non
183 995 307 1047 tantum
330 987 504 1047 melodiam
527 987 607 1047 loris
629 988 713 1049 bene
735 1005 874 1048 sonan-5

92 1096 179 1162 tem,
209 1085 268 1145 sed
297 1102 432 1145 sensum
461 1095 647 1146 sanctorum
677 1087 851 1146 verborum

91 1183 318 1243 animadverte
333 1182 422 1244 intus
437 1183 607 1244 latentem:
623 1193 655 1244 et
671 1201 730 1261 per
744 1184 852 1244 dulce-

92 1281 205 1341 dinem
229 1291 344 1342 cantus
365 1281 506 1341 ascende
528 1281 567 1340 ad
589 1281 744 1342 interiora
763 1299 853 1341 men·

92 1379 154 1454 tis;
176 1396 219 1438 ne
240 1379 357 1456 perdas
380 1378 520 1439 lructum
544 1378 663 1439 laboris
685 1396 744 1455 per
760 1379 852 1438 clari·

92 1487 194 1537 tatem
214 1476 322 1537 vocis:
343 1477 398 1553 qui
414 1477 447 1536 in
463 1477 585 1553 Spiritu
601 1486 713 1537 sancto
729 1477 852 1538 iuberis
864 1495 889 1538 10

94 1575 168 1634 Deo
190 1575 340 1650 psallere,
362 1584 395 1635 et
416 1574 655 1635 solibomino
677 1574 715 1635 in
737 1577 852 1636 corde

93 1671 243 1732 iubilare.
286 1673 409 1733 Beatus
437 1673 492 1749 qui
521 1672 554 1732 in
584 1672 637 1733 his
665 1673 760 1732 bonis
781 1691 852 1734 ver·

94 1778 203 1845 satur3
224 1779 256 1830 et
278 1779 375 1830 totam
399 1769 613 1830 intentionem
635 1787 728 1830 suam
751 1772 790 1831 ad
805 1771 852 1831 in·

94 1867 180 1927 temi
197 1867 272 1928 festi
287 1867 403 1944 gaudia
418 1867 595 1928 convertit:
617 1879 778 1945 quatenus
795 1886 854 1945 per

94 1965 287 2041 temporalia
325 1965 407 2026 lesta
441 1966 481 2025 ad
516 1976 681 2027 aeternam
717 1966 851 2043 gloriam
864 1986 888 2028 ιε

94 2064 216 2139 tendat,
238 2063 323 2124 sicut
344 2065 511 2140 apostolus
533 2065 619 2126 dicit.
663 2063 696 2124 Si
719 2080 853 2124 consur-

94 2162 228 2224 rexistis
251 2179 325 2222 cum
348 2161 483 2222 Christo
506 2179 589 2238 quae
617 2178 748 2222 sursum
778 2170 854 2221 sunt

94 2259 243 2336 quaerite
251 2278 260 2336 3
282 2277 365 2336 quae
387 2277 518 2320 sursum
541 2269 618 2320 sunt
640 2260 759 2336 sapite:
788 2276 853 2319 non

94 2375 179 2435 quae
202 2374 302 2434 super
322 2368 452 2419 terram.
493 2357 615 2418 Nescio
637 2357 714 2433 quid
737 2355 854 2417 laetius

95 2468 127 2518 et
150 2456 303 2518 festivius
325 2458 357 2517 in
379 2466 446 2518 toto
469 2474 554 2517 anno
572 2466 734 2517 cantatur:
756 2473 889 2533 quamao

95 2557 183 2633 quod
212 2556 246 2615 in
275 2555 327 2615 his
356 2555 471 2615 diebus
502 2555 709 2631 paschalibus
740 2554 854 2631 agitur.

96 2654 180 2714 Nam
203 2671 267 2714 vox
289 2663 321 2714 et
342 2661 457 2712 cantus
472 2651 618 2712 omnium
641 2651 771 2711 alleluia
786 2667 854 2710 cre-

95 2753 187 2812 brius
219 2761 389 2811 resonant:
420 2761 452 2810 et
482 2749 591 2809 omnia
622 2765 696 2809 cum
725 2747 855 2807 alleluia

94 2849 321 2910 terminantur.
354 2850 390 2908 ln
412 2866 476 2925 qua
495 2866 530 2909 re
547 2847 681 2925 figurate
696 2847 792 2908 nobis
807 2847 854 2906 in·

95 2948 237 3022 dicatur,
265 2947 343 3024 quid
371 2947 405 3007 in
430 2957 562 3008 aeterna
585 2946 651 3006 vita
674 2945 775 3007 acturi
801 2962 890 3004 suas

96 3063 187 3107 mus:
217 3046 346 3121 quando
368 3046 408 3105 de
434 3045 662 3121 praesentibus
688 3043 855 3104 aerumnis

95 3143 210 3220 erepti,
232 3152 264 3203 et
281 3143 314 3203 in
330 3144 505 3204 caelestem
528 3142 675 3219 requiem
698 3141 854 3216 translati,

97 3244 204 3302 Deum
234 3241 437 3301 laudabimus
464 3259 538 3300 cum
568 3241 693 3317 angelis
721 3240 853 3314 sanctia

97 3338 130 3398 in
146 3338 337 3399 aeternitate
352 3357 481 3399 summo
498 3340 583 3399 bono
599 3338 724 3414 repleti.
747 3337 854 3414 Digne

97 3452 174 3513 ergo
189 3454 227 3496 ac
241 3437 472 3498 venerabiliter
487 3438 612 3497 caelum
631 3445 663 3496 et
677 3447 763 3496 terra
778 3451 889 3494 cumso

98 3534 184 3593 omni
221 3533 423 3610 plenitudine
454 3551 514 3594 sua
545 3533 579 3593 in
611 3531 852 3593 resurrectione

457 3639 498 3680 ara
