2128 4190
64 459 392 514 mmm
429 462 473 514 [26]
507 463 828 518 wwffifflw

64 592 261 654 cautissime
291 595 481 656 custoditur.
525 596 560 656 ln
590 597 686 657 domo
713 598 828 658 Annae

64 691 175 768 primo
199 691 412 767 examinatur,
434 703 466 753 et
487 695 654 770 quaeritur
675 696 714 755 ab
734 712 773 756 eo
789 697 828 756 de

65 790 217 850 doctrina
246 807 305 850 sua
331 798 363 849 et
384 790 554 866 discipulis
577 792 665 868 eius3
694 802 725 853 et
754 811 827 854 cum

64 888 106 947 ad
129 889 213 947 haec
236 888 320 947 bene
336 888 576 963 respondisset:
599 891 638 949 ab
654 908 719 952 uno
735 891 828 951 mini-

63 995 231 1061 strorum,
261 985 295 1045 in
327 986 490 1046 maxillam
522 987 647 1048 duriter
677 998 727 1048 est
757 1006 851 1064 per-s

62 1099 199 1143 cussus.
237 1084 273 1143 ln
296 1083 392 1143 domo
409 1083 555 1161 Caiphae
577 1086 751 1162 pontilicis,
773 1087 827 1146 ubi

63 1181 161 1241 multi
180 1181 364 1257 congregati
381 1191 472 1242 erant
488 1193 600 1243 contra
615 1200 701 1259 eum,
717 1183 828 1245 multis

62 1277 200 1338 iniuriis
224 1288 256 1338 et
278 1278 427 1338 ludibriis
449 1289 601 1357 vexatur3
631 1281 732 1342 facies
756 1282 828 1343 eius

62 1378 249 1452 obvelatur,
265 1376 370 1452 sputis
385 1377 583 1455 inquinatur,
599 1379 744 1455 colaphis
758 1397 828 1440 cae·

62 1475 169 1535 ditur:
181 1485 214 1535 et
224 1485 258 1535 ut
269 1492 346 1535 reus
357 1476 471 1536 mortis
481 1477 708 1552 proclamatur.
729 1478 827 1538 Mane
840 1497 864 1537 ro

62 1582 178 1632 autem
203 1571 286 1633 lacto
308 1573 428 1633 vinctis
449 1575 600 1634 manibus
621 1575 751 1651 publice
770 1594 829 1652 per

62 1671 193 1746 plateas
222 1670 261 1730 ad
283 1672 481 1747 praetorium
506 1673 599 1733 Pilati
623 1673 767 1734 ducitur:
796 1684 828 1734 et

62 1779 233 1844 tamquam
250 1778 473 1846 transgressor
488 1771 569 1847 legis
585 1781 617 1831 et
627 1771 737 1847 populi
753 1772 827 1831 sub-

62 1883 186 1926 versor
200 1867 342 1943 graviter
356 1878 536 1929 accusatur.
560 1869 687 1929 Deinde
702 1870 741 1930 ad
752 1887 828 1930 con·

62 1963 237 2024 sistorium
269 1965 412 2026 Herodis
440 1966 684 2026 transmittitur:
716 1985 734 2026 a
764 1985 864 2044 quota

63 2061 200 2121 derisus
221 2071 252 2121 et
266 2063 338 2122 alba
352 2073 444 2124 veste
460 2063 592 2124 indutus
608 2065 697 2125 velut
720 2065 827 2126 fatuus

64 2167 248 2234 reputatur,
271 2168 302 2219 et
324 2161 363 2220 ad
385 2161 523 2221 Pilatum
546 2162 738 2238 remittitur3
760 2162 828 2222 ubi·

63 2274 134 2334 que
157 2256 290 2332 illusus,
316 2257 436 2335 ubique
458 2260 686 2335 exprobratus:
713 2261 827 2320 nullibi

63 2366 176 2429 tutus,
198 2354 312 2414 nullibi
336 2356 483 2432 quietus;
510 2356 662 2417 omnibus
684 2358 828 2433 odiosuS,

64 2451 224 2513 omnibus
246 2453 472 2513 abominabilis
495 2454 615 2514 lactus:
639 2454 719 2514 loris
740 2454 864 2515 auditao

63 2553 248 2625 clamores,
277 2551 365 2611 intus
387 2551 506 2628 patitur
527 2552 673 2628 dolores3
702 2562 734 2612 et
755 2563 828 2627 post

63 2665 169 2710 saeva
190 2648 327 2708 verbera
349 2657 380 2708 et
402 2649 503 2708 multa
525 2650 661 2709 vulnera
685 2660 827 2726 accepta,

63 2746 163 2824 quasi
187 2746 252 2806 vita
274 2746 336 2806 ista
358 2745 525 2823 indignuS,
552 2757 642 2808 extra
663 2747 826 2807 civitatem

64 2861 144 2905 cum
168 2844 405 2904 contumeliosa
427 2862 524 2905 cruce
542 2846 708 2906 educitur:
731 2856 826 2922 atque

63 2943 155 3002 inter
183 2941 326 3001 latrones
354 2941 387 3002 in
417 2943 489 3002 loco
519 2942 690 3004 Calvariae
719 2943 863 3004 nudusas

63 3040 100 3099 in
131 3055 230 3098 cruce
259 3039 479 3114 suspenditur.
525 3041 688 3103 Omnibus
717 3050 824 3101 autem

64 3137 305 3199 consummatis
327 3154 410 3214 quae
433 3138 473 3198 de
494 3139 566 3215 ipso
589 3138 709 3215 scripta
725 3148 826 3212 erant,

64 3236 99 3294 in
123 3234 223 3295 corde
248 3244 371 3308 terrae,
400 3234 526 3295 scilicet
554 3236 587 3296 in
614 3246 825 3296 monumento

65 3348 154 3392 novo
177 3332 299 3407 exciso,
320 3350 338 3391 a
360 3332 456 3393 iustis
478 3334 558 3395 viris
581 3335 698 3411 loseph
722 3343 753 3393 et
769 3333 825 3392 Ni·

65 3431 204 3491 codemo
227 3441 417 3492 reverenter
434 3432 600 3509 sepelitur,
623 3442 654 3492 et
669 3449 687 3491 a
702 3431 861 3494 sanctisso

66 3527 261 3588 mulieribus
292 3528 404 3589 multis
435 3529 577 3589 lacrimis
609 3540 641 3589 et
671 3530 823 3606 suspiriis

425 3633 466 3676 ass
