<?xml version="1.0" encoding="UTF-8"?>
<!DOCTYPE html PUBLIC "-//W3C//DTD XHTML 1.0 Transitional//EN"
    "http://www.w3.org/TR/xhtml1/DTD/xhtml1-transitional.dtd">
<html xmlns="http://www.w3.org/1999/xhtml" xml:lang="en" lang="en">
 <head>
  <title>
</title>
<meta http-equiv="Content-Type" content="text/html;charset=utf-8" />
  <meta name='ocr-system' content='tesseract 3.04.00' />
  <meta name='ocr-capabilities' content='ocr_page ocr_carea ocr_par ocr_line ocrx_word'/>
</head>
<body>
  <div class='ocr_page' id='page_1' title='image "./thomaehemerkena01pohlgoog_0037.png"; bbox 0 0 2122 4196; ppageno 0'>
   <div class='ocr_carea' id='block_1_1' title="bbox 242 440 1042 493">
    <p class='ocr_par' dir='ltr' id='par_1_1' title="bbox 242 440 1042 493">
     <span class='ocr_line' id='line_1_1' title="bbox 242 440 1042 493; baseline -0.001 -9"><span class='ocrx_word' id='word_1_1' title='bbox 242 441 283 492; x_wconf 65' lang='grc' dir='ltr'><strong>(ςῖ</strong></span> <span class='ocrx_word' id='word_1_2' title='bbox 317 441 486 484; x_wconf 73' lang='lat' dir='ltr'><strong>memmio</strong></span> <span class='ocrx_word' id='word_1_3' title='bbox 502 442 541 483; x_wconf 85' lang='lat' dir='ltr'><strong>DE</strong></span> <span class='ocrx_word' id='word_1_4' title='bbox 557 440 787 484; x_wconf 70' lang='lat' dir='ltr'><strong>tucnnnnttortti</strong></span> <span class='ocrx_word' id='word_1_5' title='bbox 802 441 927 484; x_wconf 78' lang='lat' dir='ltr'>CHRISTI</span> <span class='ocrx_word' id='word_1_6' title='bbox 960 441 996 493; x_wconf 65' lang='lat' dir='ltr'><strong>Kc&gt;</strong></span> <span class='ocrx_word' id='word_1_7' title='bbox 1041 453 1042 456; x_wconf 72' lang='grc'>’</span> 
     </span>
    </p>
   </div>
   <div class='ocr_carea' id='block_1_2' title="bbox 130 575 1046 3487">
    <p class='ocr_par' dir='ltr' id='par_1_2' title="bbox 130 575 1046 3487">
     <span class='ocr_line' id='line_1_2' title="bbox 244 575 1046 650; baseline -0.001 -16"><span class='ocrx_word' id='word_1_8' title='bbox 244 576 342 650; x_wconf 87' lang='lat' dir='ltr'><strong>pheta</strong></span> <span class='ocrx_word' id='word_1_9' title='bbox 369 575 424 650; x_wconf 93' lang='lat' dir='ltr'><strong>qui</strong></span> <span class='ocrx_word' id='word_1_10' title='bbox 447 576 549 635; x_wconf 91' lang='lat' dir='ltr'><strong>multa</strong></span> <span class='ocrx_word' id='word_1_11' title='bbox 570 575 610 634; x_wconf 88' lang='lat' dir='ltr'><strong>de</strong></span> <span class='ocrx_word' id='word_1_12' title='bbox 639 575 835 635; x_wconf 90' lang='lat' dir='ltr'><strong>caelestibus</strong></span> <span class='ocrx_word' id='word_1_13' title='bbox 857 575 995 635; x_wconf 88' lang='lat' dir='ltr'><strong>viderat:</strong></span> <span class='ocrx_word' id='word_1_14' title='bbox 1045 637 1046 645; x_wconf 9' lang='grc' dir='ltr'>χ</span> 
     </span>
     <span class='ocr_line' id='line_1_3' title="bbox 243 672 1046 754; baseline 0 -22"><span class='ocrx_word' id='word_1_15' title='bbox 243 675 305 733; x_wconf 91' lang='lat' dir='ltr'><strong>hoe</strong></span> <span class='ocrx_word' id='word_1_16' title='bbox 327 682 478 733; x_wconf 80' lang='lat' dir='ltr'><strong>notanter</strong></span> <span class='ocrx_word' id='word_1_17' title='bbox 498 674 539 732; x_wconf 89' lang='lat' dir='ltr'><strong>de</strong></span> <span class='ocrx_word' id='word_1_18' title='bbox 565 682 597 732; x_wconf 89' lang='lat' dir='ltr'><strong>te</strong></span> <span class='ocrx_word' id='word_1_19' title='bbox 619 682 853 732; x_wconf 85' lang='lat' dir='ltr'><strong>commemorat</strong></span> <span class='ocrx_word' id='word_1_20' title='bbox 874 672 995 732; x_wconf 92' lang='lat' dir='ltr'><strong>dicens.</strong></span> <span class='ocrx_word' id='word_1_21' title='bbox 1041 699 1046 754; x_wconf 45' lang='grc' dir='ltr'><strong>,ς</strong></span> 
     </span>
     <span class='ocr_line' id='line_1_4' title="bbox 244 770 1044 858; baseline -0.001 -28"><span class='ocrx_word' id='word_1_22' title='bbox 244 770 995 846; x_wconf 89' lang='lat' dir='ltr'><strong>Etsupersimilitudinemthroni‚quasiaspec-</strong></span> <span class='ocrx_word' id='word_1_23' title='bbox 1042 779 1044 858; x_wconf 58' lang='grc' dir='ltr'><strong><em>ζ</em></strong></span> 
     </span>
     <span class='ocr_line' id='line_1_5' title="bbox 243 861 1046 944; baseline -0.001 -16"><span class='ocrx_word' id='word_1_24' title='bbox 243 879 295 928; x_wconf 92' lang='lat' dir='ltr'><strong>tus</strong></span> <span class='ocrx_word' id='word_1_25' title='bbox 317 869 461 928; x_wconf 91' lang='lat' dir='ltr'><strong>hominis</strong></span> <span class='ocrx_word' id='word_1_26' title='bbox 483 869 633 944; x_wconf 87' lang='lat' dir='ltr'><strong>desuper.</strong></span> <span class='ocrx_word' id='word_1_27' title='bbox 664 869 702 928; x_wconf 90' lang='lat' dir='ltr'><strong>Et</strong></span> <span class='ocrx_word' id='word_1_28' title='bbox 723 868 811 928; x_wconf 87' lang='lat' dir='ltr'><strong>item.</strong></span> <span class='ocrx_word' id='word_1_29' title='bbox 840 868 900 928; x_wconf 91' lang='lat' dir='ltr'><strong>Vir</strong></span> <span class='ocrx_word' id='word_1_30' title='bbox 919 885 995 944; x_wconf 91' lang='lat' dir='ltr'><strong>quo·</strong></span> <span class='ocrx_word' id='word_1_31' title='bbox 1041 861 1046 940; x_wconf 61' lang='grc' dir='ltr'>ζ</span> 
     </span>
     <span class='ocr_line' id='line_1_6' title="bbox 219 967 1046 1043; baseline -0.001 -17"><span class='ocrx_word' id='word_1_32' title='bbox 219 979 306 1042; x_wconf 76' lang='lat' dir='ltr'><strong>sque</strong></span> <span class='ocrx_word' id='word_1_33' title='bbox 322 984 407 1026; x_wconf 91' lang='lat' dir='ltr'><strong>unus</strong></span> <span class='ocrx_word' id='word_1_34' title='bbox 429 967 463 1026; x_wconf 95' lang='lat' dir='ltr'><strong>in</strong></span> <span class='ocrx_word' id='word_1_35' title='bbox 478 967 587 1027; x_wconf 91' lang='lat' dir='ltr'><strong>medio</strong></span> <span class='ocrx_word' id='word_1_36' title='bbox 602 984 716 1026; x_wconf 92' lang='lat' dir='ltr'><strong>eorum</strong></span> <span class='ocrx_word' id='word_1_37' title='bbox 731 967 870 1026; x_wconf 90' lang='lat' dir='ltr'><strong>vestitus</strong></span> <span class='ocrx_word' id='word_1_38' title='bbox 886 967 994 1027; x_wconf 92' lang='lat' dir='ltr'><strong>lineis:</strong></span> <span class='ocrx_word' id='word_1_39' title='bbox 1041 988 1046 1043; x_wconf 77' lang='lat'>;</span> 
     </span>
     <span class='ocr_line' id='line_1_7' title="bbox 242 1065 1046 1141; baseline 0.001 -18"><span class='ocrx_word' id='word_1_40' title='bbox 242 1074 274 1124; x_wconf 90' lang='lat' dir='ltr'><strong>et</strong></span> <span class='ocrx_word' id='word_1_41' title='bbox 288 1065 553 1124; x_wconf 87' lang='lat' dir='ltr'><strong>atramentarium</strong></span> <span class='ocrx_word' id='word_1_42' title='bbox 567 1065 736 1141; x_wconf 91' lang='lat' dir='ltr'><strong>scriptoris</strong></span> <span class='ocrx_word' id='word_1_43' title='bbox 747 1065 786 1124; x_wconf 93' lang='lat' dir='ltr'><strong>ad</strong></span> <span class='ocrx_word' id='word_1_44' title='bbox 802 1081 899 1125; x_wconf 91' lang='lat' dir='ltr'><strong>renes</strong></span> <span class='ocrx_word' id='word_1_45' title='bbox 915 1067 994 1125; x_wconf 92' lang='lat' dir='ltr'><strong>eius.</strong></span> <span class='ocrx_word' id='word_1_46' title='bbox 1041 1098 1046 1139; x_wconf 59' lang='lat' dir='ltr'><strong>p</strong></span> 
     </span>
     <span class='ocr_line' id='line_1_8' title="bbox 241 1159 1046 1249; baseline 0.001 -29"><span class='ocrx_word' id='word_1_47' title='bbox 241 1161 356 1238; x_wconf 85' lang='lat' dir='ltr'><strong>Tangit</strong></span> <span class='ocrx_word' id='word_1_48' title='bbox 384 1172 416 1239; x_wconf 84' lang='lat' dir='ltr'><strong>et</strong></span> <span class='ocrx_word' id='word_1_49' title='bbox 444 1163 684 1223; x_wconf 87' lang='lat' dir='ltr'><strong>sacratissimae</strong></span> <span class='ocrx_word' id='word_1_50' title='bbox 715 1159 892 1222; x_wconf 90' lang='lat' dir='ltr'><strong>nativitatis</strong></span> <span class='ocrx_word' id='word_1_51' title='bbox 923 1173 995 1223; x_wconf 87' lang='lat' dir='ltr'><strong>tuae</strong></span> <span class='ocrx_word' id='word_1_52' title='bbox 1041 1194 1046 1249; x_wconf 42' lang='grc' dir='ltr'>ξ</span> 
     </span>
     <span class='ocr_line' id='line_1_9' title="bbox 242 1260 1046 1343; baseline -0.001 -24"><span class='ocrx_word' id='word_1_53' title='bbox 242 1260 389 1320; x_wconf 90' lang='lat' dir='ltr'><strong>mirabile</strong></span> <span class='ocrx_word' id='word_1_54' title='bbox 425 1270 684 1321; x_wconf 88' lang='lat' dir='ltr'><strong>sacramentum:</strong></span> <span class='ocrx_word' id='word_1_55' title='bbox 720 1277 794 1320; x_wconf 92' lang='lat' dir='ltr'><strong>curn</strong></span> <span class='ocrx_word' id='word_1_56' title='bbox 830 1261 870 1320; x_wconf 89' lang='lat' dir='ltr'><strong>de</strong></span> <span class='ocrx_word' id='word_1_57' title='bbox 906 1271 995 1336; x_wconf 89' lang='lat' dir='ltr'><strong>porta</strong></span> <span class='ocrx_word' id='word_1_58' title='bbox 1041 1290 1046 1343; x_wconf 48' lang='grc' dir='ltr'>ξ</span> 
     </span>
     <span class='ocr_line' id='line_1_10' title="bbox 241 1351 1046 1434; baseline -0.006 -17"><span class='ocrx_word' id='word_1_59' title='bbox 241 1357 401 1433; x_wconf 88' lang='lat' dir='ltr'><strong>orientali,</strong></span> <span class='ocrx_word' id='word_1_60' title='bbox 423 1357 570 1417; x_wconf 91' lang='lat' dir='ltr'><strong>divinum</strong></span> <span class='ocrx_word' id='word_1_61' title='bbox 588 1357 708 1417; x_wconf 92' lang='lat' dir='ltr'><strong>meruit</strong></span> <span class='ocrx_word' id='word_1_62' title='bbox 728 1358 840 1418; x_wconf 89' lang='lat' dir='ltr'><strong>audire</strong></span> <span class='ocrx_word' id='word_1_63' title='bbox 863 1375 995 1434; x_wconf 91' lang='lat' dir='ltr'><strong>respon·</strong></span> <span class='ocrx_word' id='word_1_64' title='bbox 1041 1351 1046 1412; x_wconf 63' lang='lat' dir='ltr'><strong>i</strong></span> 
     </span>
     <span class='ocr_line' id='line_1_11' title="bbox 207 1456 995 1530; baseline 0.004 -18"><span class='ocrx_word' id='word_1_65' title='bbox 207 1470 325 1516; x_wconf 89' lang='lat' dir='ltr'><strong>rosum.</strong></span> <span class='ocrx_word' id='word_1_66' title='bbox 376 1456 473 1515; x_wconf 91' lang='lat' dir='ltr'><strong>Porta</strong></span> <span class='ocrx_word' id='word_1_67' title='bbox 503 1457 583 1515; x_wconf 91' lang='lat' dir='ltr'><strong>haec</strong></span> <span class='ocrx_word' id='word_1_68' title='bbox 615 1456 725 1515; x_wconf 88' lang='lat' dir='ltr'><strong>clausa</strong></span> <span class='ocrx_word' id='word_1_69' title='bbox 755 1456 835 1530; x_wconf 86' lang='lat' dir='ltr'><strong>crit,</strong></span> <span class='ocrx_word' id='word_1_70' title='bbox 868 1465 900 1515; x_wconf 93' lang='lat' dir='ltr'><strong>et</strong></span> <span class='ocrx_word' id='word_1_71' title='bbox 933 1473 995 1515; x_wconf 94' lang='lat' dir='ltr'><strong>non</strong></span> 
     </span>
     <span class='ocr_line' id='line_1_12' title="bbox 241 1553 995 1629; baseline 0 -16"><span class='ocrx_word' id='word_1_72' title='bbox 241 1553 421 1629; x_wconf 90' lang='lat' dir='ltr'><strong>aperietur:</strong></span> <span class='ocrx_word' id='word_1_73' title='bbox 444 1563 476 1612; x_wconf 91' lang='lat' dir='ltr'><strong>et</strong></span> <span class='ocrx_word' id='word_1_74' title='bbox 498 1554 548 1613; x_wconf 93' lang='lat' dir='ltr'><strong>vir</strong></span> <span class='ocrx_word' id='word_1_75' title='bbox 569 1570 634 1612; x_wconf 93' lang='lat' dir='ltr'><strong>non</strong></span> <span class='ocrx_word' id='word_1_76' title='bbox 656 1553 806 1613; x_wconf 88' lang='lat' dir='ltr'><strong>transibit</strong></span> <span class='ocrx_word' id='word_1_77' title='bbox 827 1571 886 1629; x_wconf 92' lang='lat' dir='ltr'><strong>per</strong></span> <span class='ocrx_word' id='word_1_78' title='bbox 908 1570 995 1628; x_wconf 83' lang='lat' dir='ltr'><strong>eam3</strong></span> 
     </span>
     <span class='ocr_line' id='line_1_13' title="bbox 241 1651 996 1729; baseline -0.004 -17"><span class='ocrx_word' id='word_1_79' title='bbox 241 1653 394 1729; x_wconf 89' lang='lat' dir='ltr'><strong>quoniam</strong></span> <span class='ocrx_word' id='word_1_80' title='bbox 417 1652 509 1711; x_wconf 89' lang='lat' dir='ltr'><strong>Deus</strong></span> <span class='ocrx_word' id='word_1_81' title='bbox 532 1651 632 1711; x_wconf 90' lang='lat' dir='ltr'><strong>lsrael</strong></span> <span class='ocrx_word' id='word_1_82' title='bbox 662 1651 832 1728; x_wconf 85' lang='lat' dir='ltr'><strong>ingressus</strong></span> <span class='ocrx_word' id='word_1_83' title='bbox 860 1661 911 1709; x_wconf 90' lang='lat' dir='ltr'><strong>est</strong></span> <span class='ocrx_word' id='word_1_84' title='bbox 940 1668 996 1727; x_wconf 91' lang='lat' dir='ltr'><strong>per</strong></span> 
     </span>
     <span class='ocr_line' id='line_1_14' title="bbox 241 1747 996 1826; baseline -0.001 -16"><span class='ocrx_word' id='word_1_85' title='bbox 241 1768 329 1810; x_wconf 87' lang='lat' dir='ltr'><strong>earn:</strong></span> <span class='ocrx_word' id='word_1_86' title='bbox 349 1750 476 1825; x_wconf 90' lang='lat' dir='ltr'><strong>eritque</strong></span> <span class='ocrx_word' id='word_1_87' title='bbox 492 1749 602 1808; x_wconf 88' lang='lat' dir='ltr'><strong>clausa</strong></span> <span class='ocrx_word' id='word_1_88' title='bbox 616 1750 765 1826; x_wconf 88' lang='lat' dir='ltr'><strong>principi.</strong></span> <span class='ocrx_word' id='word_1_89' title='bbox 794 1747 842 1809; x_wconf 92' lang='lat' dir='ltr'><strong>Tu</strong></span> <span class='ocrx_word' id='word_1_90' title='bbox 858 1767 895 1809; x_wconf 91' lang='lat' dir='ltr'><strong>es</strong></span> <span class='ocrx_word' id='word_1_91' title='bbox 910 1750 996 1825; x_wconf 91' lang='lat' dir='ltr'><strong>prin-</strong></span> 
     </span>
     <span class='ocr_line' id='line_1_15' title="bbox 240 1847 1044 1926; baseline -0.004 -17"><span class='ocrx_word' id='word_1_92' title='bbox 240 1867 318 1926; x_wconf 91' lang='lat' dir='ltr'><strong>ceps</strong></span> <span class='ocrx_word' id='word_1_93' title='bbox 348 1849 426 1923; x_wconf 82' lang='lat' dir='ltr'><strong>iste3</strong></span> <span class='ocrx_word' id='word_1_94' title='bbox 457 1847 562 1907; x_wconf 81' lang='lat' dir='ltr'><strong>illaria</strong></span> <span class='ocrx_word' id='word_1_95' title='bbox 591 1864 721 1924; x_wconf 90' lang='lat' dir='ltr'><strong>quoque</strong></span> <span class='ocrx_word' id='word_1_96' title='bbox 751 1848 861 1907; x_wconf 87' lang='lat' dir='ltr'><strong>clausa</strong></span> <span class='ocrx_word' id='word_1_97' title='bbox 889 1857 995 1922; x_wconf 91' lang='lat' dir='ltr'><strong>porta:</strong></span> <span class='ocrx_word' id='word_1_98' title='bbox 1043 1871 1044 1876; x_wconf 44' lang='lat'>¹</span> 
     </span>
     <span class='ocr_line' id='line_1_16' title="bbox 206 1944 995 2024; baseline 0.001 -22"><span class='ocrx_word' id='word_1_99' title='bbox 206 1961 323 2024; x_wconf 83' lang='lat' dir='ltr'><strong>isquae</strong></span> <span class='ocrx_word' id='word_1_100' title='bbox 345 1947 378 2006; x_wconf 91' lang='lat' dir='ltr'><strong>in</strong></span> <span class='ocrx_word' id='word_1_101' title='bbox 401 1946 615 2022; x_wconf 91' lang='lat' dir='ltr'><strong>concipiendo</strong></span> <span class='ocrx_word' id='word_1_102' title='bbox 645 1954 676 2004; x_wconf 90' lang='lat' dir='ltr'><strong>et</strong></span> <span class='ocrx_word' id='word_1_103' title='bbox 698 1945 853 2021; x_wconf 87' lang='lat' dir='ltr'><strong>pariendo</strong></span> <span class='ocrx_word' id='word_1_104' title='bbox 877 1944 995 2004; x_wconf 90' lang='lat' dir='ltr'><strong>mansit</strong></span> 
     </span>
     <span class='ocr_line' id='line_1_17' title="bbox 240 2044 635 2121; baseline -0.005 -16"><span class='ocrx_word' id='word_1_105' title='bbox 240 2062 372 2120; x_wconf 89' lang='lat' dir='ltr'><strong>semper</strong></span> <span class='ocrx_word' id='word_1_106' title='bbox 393 2045 485 2121; x_wconf 87' lang='lat' dir='ltr'><strong>virgo</strong></span> <span class='ocrx_word' id='word_1_107' title='bbox 507 2044 635 2104; x_wconf 87' lang='lat' dir='ltr'><strong>intacta.</strong></span> 
     </span>
     <span class='ocr_line' id='line_1_18' title="bbox 130 2141 993 2201; baseline 0 -1"><span class='ocrx_word' id='word_1_108' title='bbox 130 2157 228 2189; x_wconf 70' lang='lat' dir='ltr'><strong>mnu„</strong></span> <span class='ocrx_word' id='word_1_109' title='bbox 280 2142 397 2201; x_wconf 85' lang='lat' dir='ltr'><strong>Daniel</strong></span> <span class='ocrx_word' id='word_1_110' title='bbox 419 2141 468 2200; x_wconf 93' lang='lat' dir='ltr'><strong>vir</strong></span> <span class='ocrx_word' id='word_1_111' title='bbox 490 2141 727 2201; x_wconf 90' lang='lat' dir='ltr'><strong>desideriorum</strong></span> <span class='ocrx_word' id='word_1_112' title='bbox 752 2152 784 2200; x_wconf 90' lang='lat' dir='ltr'><strong>et</strong></span> <span class='ocrx_word' id='word_1_113' title='bbox 806 2141 993 2200; x_wconf 91' lang='lat' dir='ltr'><strong>sublimium</strong></span> 
     </span>
     <span class='ocr_line' id='line_1_19' title="bbox 240 2237 1044 2318; baseline -0.004 -19"><span class='ocrx_word' id='word_1_114' title='bbox 240 2249 442 2299; x_wconf 90' lang='lat' dir='ltr'><strong>secretorum</strong></span> <span class='ocrx_word' id='word_1_115' title='bbox 465 2239 621 2316; x_wconf 87' lang='lat' dir='ltr'><strong>cognitor,</strong></span> <span class='ocrx_word' id='word_1_116' title='bbox 644 2255 717 2298; x_wconf 91' lang='lat' dir='ltr'><strong>curn</strong></span> <span class='ocrx_word' id='word_1_117' title='bbox 739 2238 806 2314; x_wconf 85' lang='lat' dir='ltr'><strong>regi</strong></span> <span class='ocrx_word' id='word_1_118' title='bbox 823 2237 996 2297; x_wconf 89' lang='lat' dir='ltr'><strong>Nabucho-</strong></span> <span class='ocrx_word' id='word_1_119' title='bbox 1043 2315 1044 2318; x_wconf 8' lang='grc' dir='ltr'><strong>Ἴ</strong></span> 
     </span>
     <span class='ocr_line' id='line_1_20' title="bbox 240 2335 995 2410; baseline -0.004 -13"><span class='ocrx_word' id='word_1_120' title='bbox 240 2338 382 2397; x_wconf 93' lang='lat' dir='ltr'><strong>donosor</strong></span> <span class='ocrx_word' id='word_1_121' title='bbox 404 2337 568 2396; x_wconf 91' lang='lat' dir='ltr'><strong>somnium</strong></span> <span class='ocrx_word' id='word_1_122' title='bbox 591 2352 687 2395; x_wconf 94' lang='lat' dir='ltr'><strong>suurn</strong></span> <span class='ocrx_word' id='word_1_123' title='bbox 713 2335 890 2410; x_wconf 90' lang='lat' dir='ltr'><strong>prudenter</strong></span> <span class='ocrx_word' id='word_1_124' title='bbox 912 2335 995 2394; x_wconf 90' lang='lat' dir='ltr'><strong>edis-</strong></span> 
     </span>
     <span class='ocr_line' id='line_1_21' title="bbox 203 2432 997 2510; baseline -0.005 -16"><span class='ocrx_word' id='word_1_125' title='bbox 203 2435 334 2496; x_wconf 73' lang='lat' dir='ltr'><strong>roserit:</strong></span> <span class='ocrx_word' id='word_1_126' title='bbox 363 2446 455 2495; x_wconf 92' lang='lat' dir='ltr'><strong>tuum</strong></span> <span class='ocrx_word' id='word_1_127' title='bbox 484 2435 631 2510; x_wconf 89' lang='lat' dir='ltr'><strong>proiecto</strong></span> <span class='ocrx_word' id='word_1_128' title='bbox 658 2433 832 2492; x_wconf 87' lang='lat' dir='ltr'><strong>adventum</strong></span> <span class='ocrx_word' id='word_1_129' title='bbox 856 2432 997 2492; x_wconf 91' lang='lat' dir='ltr'><strong>lideliter</strong></span> 
     </span>
     <span class='ocr_line' id='line_1_22' title="bbox 239 2531 996 2608; baseline -0.004 -16"><span class='ocrx_word' id='word_1_130' title='bbox 239 2532 404 2608; x_wconf 90' lang='lat' dir='ltr'><strong>praedicit.</strong></span> <span class='ocrx_word' id='word_1_131' title='bbox 437 2532 579 2592; x_wconf 87' lang='lat' dir='ltr'><strong>Videbas</strong></span> <span class='ocrx_word' id='word_1_132' title='bbox 601 2531 706 2608; x_wconf 90' lang='lat' dir='ltr'><strong>inquit</strong></span> <span class='ocrx_word' id='word_1_133' title='bbox 722 2531 775 2606; x_wconf 86' lang='lat' dir='ltr'><strong>ita,</strong></span> <span class='ocrx_word' id='word_1_134' title='bbox 799 2531 902 2590; x_wconf 91' lang='lat' dir='ltr'><strong>donec</strong></span> <span class='ocrx_word' id='word_1_135' title='bbox 925 2531 996 2590; x_wconf 86' lang='lat' dir='ltr'><strong>abs·</strong></span> 
     </span>
     <span class='ocr_line' id='line_1_23' title="bbox 239 2627 996 2706; baseline -0.004 -17"><span class='ocrx_word' id='word_1_136' title='bbox 239 2631 329 2690; x_wconf 93' lang='lat' dir='ltr'><strong>cisus</strong></span> <span class='ocrx_word' id='word_1_137' title='bbox 352 2641 401 2690; x_wconf 91' lang='lat' dir='ltr'><strong>est</strong></span> <span class='ocrx_word' id='word_1_138' title='bbox 425 2630 507 2706; x_wconf 88' lang='lat' dir='ltr'><strong>lapis</strong></span> <span class='ocrx_word' id='word_1_139' title='bbox 537 2631 577 2690; x_wconf 90' lang='lat' dir='ltr'><strong>de</strong></span> <span class='ocrx_word' id='word_1_140' title='bbox 600 2640 710 2690; x_wconf 93' lang='lat' dir='ltr'><strong>monte</strong></span> <span class='ocrx_word' id='word_1_141' title='bbox 733 2629 805 2688; x_wconf 91' lang='lat' dir='ltr'><strong>sine</strong></span> <span class='ocrx_word' id='word_1_142' title='bbox 827 2627 996 2703; x_wconf 83' lang='lat' dir='ltr'><strong>manibus3</strong></span> 
     </span>
     <span class='ocr_line' id='line_1_24' title="bbox 239 2726 995 2805; baseline -0.004 -17"><span class='ocrx_word' id='word_1_143' title='bbox 239 2729 293 2805; x_wconf 91' lang='lat' dir='ltr'><strong>qui</strong></span> <span class='ocrx_word' id='word_1_144' title='bbox 325 2728 489 2804; x_wconf 91' lang='lat' dir='ltr'><strong>percussit</strong></span> <span class='ocrx_word' id='word_1_145' title='bbox 519 2736 656 2787; x_wconf 90' lang='lat' dir='ltr'><strong>statuam</strong></span> <span class='ocrx_word' id='word_1_146' title='bbox 689 2727 723 2786; x_wconf 92' lang='lat' dir='ltr'><strong>in</strong></span> <span class='ocrx_word' id='word_1_147' title='bbox 754 2727 891 2802; x_wconf 91' lang='lat' dir='ltr'><strong>pedibus</strong></span> <span class='ocrx_word' id='word_1_148' title='bbox 923 2726 995 2786; x_wconf 94' lang='lat' dir='ltr'><strong>eius</strong></span> 
     </span>
     <span class='ocr_line' id='line_1_25' title="bbox 239 2824 995 2888; baseline -0.005 -1"><span class='ocrx_word' id='word_1_149' title='bbox 239 2827 356 2888; x_wconf 82' lang='lat' dir='ltr'><strong>ferreis</strong></span> <span class='ocrx_word' id='word_1_150' title='bbox 385 2836 417 2886; x_wconf 91' lang='lat' dir='ltr'><strong>et</strong></span> <span class='ocrx_word' id='word_1_151' title='bbox 446 2825 616 2884; x_wconf 87' lang='lat' dir='ltr'><strong>fictilibus:</strong></span> <span class='ocrx_word' id='word_1_152' title='bbox 646 2835 677 2884; x_wconf 90' lang='lat' dir='ltr'><strong>et</strong></span> <span class='ocrx_word' id='word_1_153' title='bbox 706 2824 898 2884; x_wconf 92' lang='lat' dir='ltr'><strong>comminuit</strong></span> <span class='ocrx_word' id='word_1_154' title='bbox 927 2841 995 2883; x_wconf 90' lang='lat' dir='ltr'><strong>eos.</strong></span> 
     </span>
     <span class='ocr_line' id='line_1_26' title="bbox 203 2922 995 3000; baseline 0 -20"><span class='ocrx_word' id='word_1_155' title='bbox 203 2941 229 2982; x_wconf 84' lang='lat'><strong>25</strong></span> <span class='ocrx_word' id='word_1_156' title='bbox 240 2925 335 3000; x_wconf 88' lang='lat' dir='ltr'><strong>Lapis</strong></span> <span class='ocrx_word' id='word_1_157' title='bbox 351 2933 458 2983; x_wconf 89' lang='lat' dir='ltr'><strong>autern</strong></span> <span class='ocrx_word' id='word_1_158' title='bbox 475 2922 530 2999; x_wconf 93' lang='lat' dir='ltr'><strong>qui</strong></span> <span class='ocrx_word' id='word_1_159' title='bbox 546 2923 709 2998; x_wconf 90' lang='lat' dir='ltr'><strong>percussit</strong></span> <span class='ocrx_word' id='word_1_160' title='bbox 724 2933 873 2997; x_wconf 86' lang='lat' dir='ltr'><strong>statuam,</strong></span> <span class='ocrx_word' id='word_1_161' title='bbox 889 2923 995 2983; x_wconf 87' lang='lat' dir='ltr'><strong>lactus</strong></span> 
     </span>
     <span class='ocr_line' id='line_1_27' title="bbox 239 3021 994 3097; baseline -0.003 -15"><span class='ocrx_word' id='word_1_162' title='bbox 239 3033 289 3083; x_wconf 89' lang='lat' dir='ltr'><strong>est</strong></span> <span class='ocrx_word' id='word_1_163' title='bbox 304 3039 399 3082; x_wconf 93' lang='lat' dir='ltr'><strong>mons</strong></span> <span class='ocrx_word' id='word_1_164' title='bbox 414 3038 568 3097; x_wconf 88' lang='lat' dir='ltr'><strong>magnus:</strong></span> <span class='ocrx_word' id='word_1_165' title='bbox 591 3031 622 3080; x_wconf 91' lang='lat' dir='ltr'><strong>et</strong></span> <span class='ocrx_word' id='word_1_166' title='bbox 637 3021 784 3097; x_wconf 91' lang='lat' dir='ltr'><strong>implevit</strong></span> <span class='ocrx_word' id='word_1_167' title='bbox 806 3021 994 3080; x_wconf 88' lang='lat' dir='ltr'><strong>universam</strong></span> 
     </span>
     <span class='ocr_line' id='line_1_28' title="bbox 239 3117 995 3194; baseline -0.005 -14"><span class='ocrx_word' id='word_1_168' title='bbox 239 3130 367 3180; x_wconf 91' lang='lat' dir='ltr'><strong>terram.</strong></span> <span class='ocrx_word' id='word_1_169' title='bbox 403 3117 451 3178; x_wconf 92' lang='lat' dir='ltr'><strong>Tu</strong></span> <span class='ocrx_word' id='word_1_170' title='bbox 474 3135 532 3194; x_wconf 91' lang='lat' dir='ltr'><strong>per</strong></span> <span class='ocrx_word' id='word_1_171' title='bbox 554 3118 694 3194; x_wconf 90' lang='lat' dir='ltr'><strong>lapidem</strong></span> <span class='ocrx_word' id='word_1_172' title='bbox 716 3118 815 3179; x_wconf 92' lang='lat' dir='ltr'><strong>istum</strong></span> <span class='ocrx_word' id='word_1_173' title='bbox 838 3117 995 3194; x_wconf 82' lang='lat' dir='ltr'><strong>signaris3</strong></span> 
     </span>
     <span class='ocr_line' id='line_1_29' title="bbox 238 3215 995 3294; baseline -0.003 -17"><span class='ocrx_word' id='word_1_174' title='bbox 238 3217 293 3294; x_wconf 93' lang='lat' dir='ltr'><strong>qui</strong></span> <span class='ocrx_word' id='word_1_175' title='bbox 315 3217 356 3276; x_wconf 92' lang='lat' dir='ltr'><strong>de</strong></span> <span class='ocrx_word' id='word_1_176' title='bbox 378 3227 489 3276; x_wconf 91' lang='lat' dir='ltr'><strong>monte</strong></span> <span class='ocrx_word' id='word_1_177' title='bbox 511 3217 573 3275; x_wconf 90' lang='lat' dir='ltr'><strong>hoc</strong></span> <span class='ocrx_word' id='word_1_178' title='bbox 603 3225 652 3277; x_wconf 91' lang='lat' dir='ltr'><strong>est</strong></span> <span class='ocrx_word' id='word_1_179' title='bbox 674 3215 714 3274; x_wconf 90' lang='lat' dir='ltr'><strong>de</strong></span> <span class='ocrx_word' id='word_1_180' title='bbox 737 3232 837 3292; x_wconf 85' lang='lat' dir='ltr'><strong>regno</strong></span> <span class='ocrx_word' id='word_1_181' title='bbox 861 3216 995 3275; x_wconf 89' lang='lat' dir='ltr'><strong>ludaeo-</strong></span> 
     </span>
     <span class='ocr_line' id='line_1_30' title="bbox 239 3313 994 3374; baseline -0.001 0"><span class='ocrx_word' id='word_1_182' title='bbox 239 3331 310 3374; x_wconf 93' lang='lat' dir='ltr'><strong>rum</strong></span> <span class='ocrx_word' id='word_1_183' title='bbox 326 3313 475 3373; x_wconf 87' lang='lat' dir='ltr'><strong>abscisus</strong></span> <span class='ocrx_word' id='word_1_184' title='bbox 491 3331 527 3373; x_wconf 91' lang='lat' dir='ltr'><strong>es</strong></span> <span class='ocrx_word' id='word_1_185' title='bbox 543 3314 615 3372; x_wconf 90' lang='lat' dir='ltr'><strong>sine</strong></span> <span class='ocrx_word' id='word_1_186' title='bbox 630 3313 797 3372; x_wconf 88' lang='lat' dir='ltr'><strong>manibus:</strong></span> <span class='ocrx_word' id='word_1_187' title='bbox 812 3313 906 3373; x_wconf 92' lang='lat' dir='ltr'><strong>idest</strong></span> <span class='ocrx_word' id='word_1_188' title='bbox 921 3314 994 3373; x_wconf 90' lang='lat' dir='ltr'><strong>sine</strong></span> 
     </span>
     <span class='ocr_line' id='line_1_31' title="bbox 201 3410 993 3487; baseline -0.003 -16"><span class='ocrx_word' id='word_1_189' title='bbox 201 3411 375 3471; x_wconf 82' lang='lat' dir='ltr'><strong>aomaritali</strong></span> <span class='ocrx_word' id='word_1_190' title='bbox 392 3427 491 3487; x_wconf 90' lang='lat' dir='ltr'><strong>opere</strong></span> <span class='ocrx_word' id='word_1_191' title='bbox 506 3410 547 3470; x_wconf 91' lang='lat' dir='ltr'><strong>de</strong></span> <span class='ocrx_word' id='word_1_192' title='bbox 562 3410 688 3487; x_wconf 87' lang='lat' dir='ltr'><strong>virgine</strong></span> <span class='ocrx_word' id='word_1_193' title='bbox 703 3420 903 3486; x_wconf 79' lang='lat' dir='ltr'><strong>procreatus</strong></span> <span class='ocrx_word' id='word_1_194' title='bbox 926 3410 993 3486; x_wconf 92' lang='lat' dir='ltr'><strong>Qui</strong></span> 
     </span>
    </p>
   </div>
   <div class='ocr_carea' id='block_1_3' title="bbox 238 3507 995 3653">
    <p class='ocr_par' dir='ltr' id='par_1_3' title="bbox 238 3507 995 3653">
     <span class='ocr_line' id='line_1_32' title="bbox 238 3507 995 3585; baseline 0 -18"><span class='ocrx_word' id='word_1_195' title='bbox 238 3508 429 3583; x_wconf 91' lang='lat' dir='ltr'><strong>percussisti</strong></span> <span class='ocrx_word' id='word_1_196' title='bbox 446 3517 584 3567; x_wconf 87' lang='lat' dir='ltr'><strong>statuam</strong></span> <span class='ocrx_word' id='word_1_197' title='bbox 599 3507 633 3567; x_wconf 94' lang='lat' dir='ltr'><strong>in</strong></span> <span class='ocrx_word' id='word_1_198' title='bbox 649 3507 787 3582; x_wconf 91' lang='lat' dir='ltr'><strong>pedibus</strong></span> <span class='ocrx_word' id='word_1_199' title='bbox 807 3508 896 3568; x_wconf 89' lang='lat' dir='ltr'><strong>eius:</strong></span> <span class='ocrx_word' id='word_1_200' title='bbox 918 3508 995 3585; x_wconf 87' lang='lat' dir='ltr'><strong>quia</strong></span> 
     </span>
     <span class='ocr_line' id='line_1_33' title="bbox 602 3613 629 3653; baseline 0 0"><span class='ocrx_word' id='word_1_201' title='bbox 602 3613 629 3653; x_wconf 82' lang='lat' dir='ltr'><strong>zo</strong></span> 
     </span>
    </p>
   </div>
   <div class='ocr_carea' id='block_1_4' title="bbox 0 0 1066 4196">
    <p class='ocr_par' dir='ltr' id='par_1_4' title="bbox 0 0 1066 4196">
     <span class='ocr_line' id='line_1_34' title="bbox 0 0 1066 4196; baseline 0 0"><span class='ocrx_word' id='word_1_202' title='bbox 0 0 1066 4196; x_wconf 95' lang='lat' dir='ltr'><strong> </strong></span> 
     </span>
    </p>
   </div>
  </div>
 </body>
</html>
