2122 4196
240 437 281 489 &S
314 437 482 480 MEDITATIO
498 437 537 480 DE
552 437 784 482 INCARNATIONE
799 439 923 482 CHRISTI
958 440 999 492 ἴς)
1038 441 1039 448 ’

339 629 554 692 seovvurva
571 631 788 682 rasnnoum
806 631 893 682 uovr

502 711 733 761 resrnneurr.
1040 720 1041 780 r

239 807 393 1028 &Ed
408 865 471 925 iam
488 882 528 926 ex
545 883 631 926 novo
646 865 872 927 Testamento:
894 885 997 943 pauca

366 975 443 1024 sunt
465 964 561 1024 etiam
584 964 781 1040 requirenda
799 966 996 1026 testimonia.
1041 950 1042 978 ¹

217 1061 370 1123 sCuncta
391 1079 474 1139 quae
496 1061 575 1121 inibi
592 1061 712 1137 scripta
734 1063 822 1139 lego:
844 1073 899 1122 tua
920 1079 996 1123 esse

239 1158 426 1219 testimonia
455 1158 691 1220 inhaesitanter
719 1160 826 1220 credo.
871 1159 909 1220 Et
930 1177 996 1220 non
1042 1178 1043 1222 t

240 1257 325 1318 sicut
340 1256 417 1317 olim
433 1257 466 1316 in
489 1257 602 1334 liguris
618 1268 650 1319 et
665 1258 916 1335 aenigmatibus:
938 1257 997 1316 sed

240 1354 345 1430 planis
367 1371 404 1414 ac
426 1356 611 1430 patentibus
633 1356 743 1415 verbis
769 1367 801 1416 te
825 1355 996 1417 Christum

242 1452 303 1511 Dei
327 1450 429 1511 lilium
452 1452 648 1529 praedicant.

145 1578 222 1610 auor·
281 1548 432 1610 Testatur
460 1551 523 1609 hoc
554 1549 658 1625 primo
691 1551 826 1627 angelus
858 1551 997 1620 Gabriel,

132 1632 231 1717 Lffl'
242 1646 365 1706 missus
380 1647 420 1706 ad
432 1647 569 1707 Mariam
581 1647 741 1723 virginem
754 1648 877 1709 dicens.
901 1649 997 1726 Quod
1044 1638 1045 1666 ³

242 1755 395 1806 nascetur
417 1763 461 1814 ex,
478 1755 510 1806 te
532 1757 697 1806 sanctum:
721 1746 889 1807 vocabitur
911 1746 998 1806 lilius

243 1843 314 1903 Dei.

282 1940 433 2002 Testatur
447 1952 479 2003 et
494 1942 629 2019 angelus
645 1943 783 2019 loquens
797 1943 998 2019 pastoribus:

210 2040 319 2117 isquia
341 2050 436 2099 natus
458 2050 508 2101 est
529 2040 624 2099 nobis
647 2041 744 2100 hodie
763 2040 921 2116 Salvator,
943 2038 996 2117 qui

244 2149 294 2197 est
316 2137 471 2198 Christus
495 2137 656 2197 Dominus
678 2138 711 2197 in
734 2138 864 2199 civitate
885 2137 997 2198 David.

152 2259 214 2291 nus
284 2234 457 2296 Testantur
478 2245 510 2296 et
531 2236 577 2295 illi
600 2237 803 2298 devotissimi
824 2239 921 2313 mugi,
943 2236 997 2315 qui

152 2313 214 2346 ”⁴⁵⁰¹
243 2334 282 2392 ab
298 2334 423 2393 oriente
434 2344 592 2395 venerant
606 2335 887 2413 Hierosolymam3
902 2353 921 2395 a
936 2351 997 2411 qua

243 2432 277 2491 in
307 2431 478 2492 Bethleem
502 2431 633 2492 directi:
662 2433 811 2510 mysticis
836 2434 997 2493 honorare

206 2529 446 2604 romuneribus,
469 2546 566 2606 quem
589 2529 816 2605 praeviderant
831 2530 865 2590 in
881 2531 997 2591 sidere.

284 2626 434 2688 Testatur
469 2628 531 2687 hoc
563 2628 649 2688 idem
682 2628 913 2688 memorandus
945 2628 998 2688 ille

140 2749 233 2781 staron
244 2725 372 2786 Simeon
400 2726 506 2786 iustus
533 2735 565 2786 et
590 2726 777 2786 timoratus:
806 2726 861 2801 qui
885 2743 999 2802 expec-

243 2825 329 2884 tabat
364 2823 621 2884 consolationem
655 2824 764 2883 Israel.
816 2823 879 2882 Hic
911 2825 996 2884 enim

243 2932 376 2996 accepto
408 2937 567 2997 responso
597 2939 615 2980 a
640 2920 762 2996 Spiritu
792 2930 904 2981 sancto
934 2937 997 2982 non

205 3020 391 3080 asvisurum
421 3038 457 3080 se
486 3028 642 3094 mortem,
671 3019 734 3078 nisi
762 3020 853 3095 prius
874 3021 998 3081 videret

246 3114 416 3176 Christum
449 3117 599 3177 Domini:
628 3117 661 3176 in
693 3117 809 3193 spiritu
841 3120 932 3180 venit
966 3118 996 3177 in

244 3215 411 3290 templum.
452 3213 629 3290 Accipiens
651 3231 728 3291 ergo
750 3215 909 3277 infantilis
931 3233 997 3276 cor·

244 3312 334 3388 poris
368 3313 414 3373 tui
446 3313 592 3372 membra
623 3312 656 3372 in
689 3314 783 3373 ulnas
814 3329 911 3388 suas,
941 3310 997 3372 sed

246 3409 448 3470 maiestatem
464 3410 552 3471 intus
568 3427 765 3487 agnoscens:
789 3426 862 3469 cum
885 3410 997 3486 gratia-

209 3524 317 3566 sorum
347 3507 474 3567 actione
503 3507 619 3567 devote
649 3508 793 3567 canebat.
836 3507 933 3567 Nunc
955 3507 997 3568 di-

610 3612 637 3653 32
