2114 4168
211 405 331 458 &w
359 403 533 447 ORATlONES
550 405 588 446 DE
603 404 679 446 Altis
695 404 824 447 SANCTIS
849 404 980 456 {fe-RQ&

212 548 359 599 servator
380 538 583 614 integritatis,
605 538 818 598 devotissime
834 556 980 598 venera-

212 645 263 694 tor
291 635 503 695 sacerdotalis
530 634 704 712 dignitatis,
746 635 818 696 Ave
844 636 977 712 perfec·
1040 623 1041 630 ἵ

212 731 339 792 tissime
354 741 560 809 contemptor
574 732 770 807 divitiarum,
786 732 977 809 largissime

213 828 403 889 distributor
416 830 713 907 eleemosynarum,
732 829 975 906 benignissime

189 927 354 988 sreiector
375 944 565 1004 pauperum,
587 927 843 988 sollemnissime
859 928 974 988 aedili·

213 1034 302 1085 cator
323 1025 547 1086 ecclesiarum.
576 1025 647 1086 Ave
669 1026 910 1102 patientissime
926 1036 974 1086 to·
1040 1089 1041 1098 χ

213 1123 332 1182 lerator
353 1124 630 1199 persecutionum,
652 1123 861 1201 infatigabilis
885 1123 974 1182 labo·
1040 1101 1041 1182 l

213 1230 300 1282 rator
327 1238 385 1297 pro
414 1222 518 1282 salute
547 1222 745 1298 animarum,
777 1221 973 1281 fidelissime

213 1326 323 1393 pastor
344 1319 546 1379 credentium
569 1320 772 1395 populorum.
811 1318 884 1379 Ave
908 1319 973 1379 lor-

179 1429 203 1469 ro
213 1414 339 1475 tissime
354 1417 473 1477 athleta
492 1425 681 1492 martyrum,
703 1417 883 1476 debellator
898 1416 972 1477 dae·

212 1530 364 1587 monum,
393 1513 569 1589 extirpator
594 1530 759 1588 errorum,
785 1514 973 1574 destructor

212 1610 390 1686 idolorum,
428 1612 532 1672 victor
568 1621 779 1689 tyrannorum
822 1611 972 1672 flammas

212 1726 381 1785 superans,
401 1709 550 1770 incendia
570 1727 635 1769 non
656 1709 813 1784 sentiens,
834 1709 889 1786 qui
910 1727 970 1785 pro
1040 1703 1041 1796 l

212 1823 322 1866 amore
356 1807 479 1869 Christi
516 1808 622 1884 gladio
657 1807 832 1868 transfixus
867 1807 968 1869 vitam
1040 1875 1041 1880 η

178 1905 352 1980 rsgloriosa
373 1905 525 1981 passione
547 1904 737 1965 terminasti.
768 1904 887 1966 Arnen.

547 2105 628 2156 Xllll.

310 2223 421 2284 Oratio
442 2223 483 2282 de
504 2223 624 2282 meritis
645 2228 677 2283 et
696 2224 868 2284 virtutibus

371 2321 476 2380 suncti
501 2319 638 2381 Thomoe
658 2322 807 2397 apostoli.

209 2434 330 2653 Q
362 2506 490 2549 summe
532 2490 718 2550 venerande
763 2501 795 2550 et
836 2508 967 2568 semper

173 2595 239 2650 2⁰ts
361 2588 498 2648 amande
533 2599 668 2664 patrone
701 2599 812 2649 sancte
843 2587 967 2651 Thoma
1040 2615 1041 2676 3

209 2686 354 2761 apostole
397 2686 522 2748 Christi
570 2688 710 2764 lesuque
754 2689 859 2748 electe
902 2688 965 2748 dis·

210 2784 334 2859 cipule3
363 2785 528 2861 supplices
557 2785 595 2844 ad
624 2795 656 2846 te
678 2803 793 2862 preces
815 2804 889 2846 cum
911 2788 964 2847 de·

209 2880 330 2941 siderio
351 2881 483 2942 effundo
504 2894 536 2943 et
555 2900 614 2960 per
633 2883 793 2943 cotidiana
812 2884 879 2945 oris
899 2886 962 2944 mei

210 2977 367 3055 obsequia
394 2989 449 3039 tua
474 2980 615 3056 gloriosa
642 2980 962 3065 implorolsuffragia.

172 3086 200 3128 25
211 3075 271 3134 Fac
294 3086 325 3136 te
347 3075 426 3135 mihi
450 3077 647 3138 exorabilem
670 3089 702 3139 et
717 3079 806 3139 cordi
823 3096 896 3139 meo
910 3097 960 3139 ex·

209 3173 285 3234 hibe
307 3184 338 3233 te
360 3190 491 3250 semper
512 3175 693 3251 amabilem,
715 3187 750 3236 ut
770 3176 841 3236 laus
855 3189 908 3236 tua
921 3193 960 3236 ex

209 3287 265 3329 ore
288 3287 361 3330 meo
380 3289 558 3350 numquam
576 3273 713 3349 deficiat,
735 3274 793 3333 sed
809 3274 849 3333 de
865 3273 914 3333 die
928 3273 958 3334 in
1040 3325 1041 3330 ,

208 3367 294 3428 diem
317 3385 401 3428 nova
423 3370 596 3432 devotione
619 3370 786 3431 excitetur.
829 3371 958 3432 Ferveat

208 3481 302 3524 mens
323 3466 357 3525 in
380 3467 535 3542 oratione,
557 3478 589 3527 et
611 3467 644 3526 in
667 3467 876 3529 meditatione
892 3485 957 3530 mea

565 3571 606 3614 aso
