2144 4194
227 449 267 500 &NJ
285 447 457 499 [SERMONES
470 449 509 491 DE
518 447 586 491 vlla
597 447 633 490 ET
644 447 793 492 Passlolle
805 448 933 500 DOMINI]
949 449 989 501 K&
1060 506 1061 509 Ἴ

228 583 321 642 nabo.
364 581 452 659 Quid
482 582 677 643 clementius
704 592 736 645 et
758 583 927 659 copiosius
949 585 988 644 ad

228 679 449 757 indulgentiae
477 680 683 757 largitatem?
726 681 910 743 Consolare
934 700 989 742 rea

229 777 446 839 conscientia:
469 778 578 839 audito
600 788 707 839 tantae
730 779 859 854 pietatis
875 780 988 840 verbo.

229 876 262 936 Si
287 876 378 936 Deus
404 893 462 951 pro
484 886 533 952 te,
565 876 639 953 quis
668 877 765 937 stabit
793 886 907 936 contra
929 878 990 938 te?

206 973 385 1035 sChristus
402 974 495 1034 lesus
511 974 565 1051 qui
581 975 752 1051 iustificam
775 975 848 1052 quis
864 986 916 1036 est
931 976 988 1053 qui

229 1071 451 1131 condemnet?
494 1071 532 1132 Et
554 1071 632 1148 quid
654 1074 738 1134 ultra
760 1073 879 1149 lacies3
908 1073 987 1150 quid

228 1169 261 1228 in
273 1169 611 1244 recompensationem
623 1169 732 1231 delicti
745 1171 891 1231 offeres?
908 1172 988 1232 Pae·

228 1267 308 1327 nitet
324 1277 355 1327 te
371 1267 545 1343 perpetrati
562 1267 714 1327 sceleris:
730 1268 788 1327 sed
802 1268 988 1328 adhibenda

229 1373 279 1425 est
301 1365 426 1424 cautela
448 1364 551 1424 maior
573 1363 710 1440 futuris,
738 1375 913 1442 antequam
938 1384 987 1426 re·
1061 1421 1062 1428 ,

196 1463 336 1524 incedas.
379 1462 468 1522 Vade
497 1462 540 1522 ait
569 1462 848 1523 clementissimus
875 1464 987 1525 lesus:

229 1570 261 1620 et
289 1560 352 1620 iarn
379 1559 445 1619 noli
478 1576 624 1635 peccare.
675 1560 763 1637 Quid
792 1561 927 1622 brevius
956 1573 988 1623 et

228 1657 358 1734 plenius
380 1659 419 1718 ad
441 1657 694 1734 absolutionem3
717 1668 749 1719 et
764 1659 802 1719 ad
820 1660 987 1735 perlectae

228 1758 445 1834 paenitentiae
474 1756 757 1817 satisfactionem?
799 1757 865 1834 Qui
889 1759 988 1819 corda

227 1856 334 1916 novit:
357 1854 480 1915 sciebat
497 1863 649 1931 quantam
666 1854 895 1916 contritionem
911 1874 987 1933 pec-

195 1952 328 2014 iscatrix
355 1951 476 2012 habuit.
519 1951 606 2011 Vsus
632 1961 683 2012 est
711 1969 787 2029 ergo
811 1953 905 2014 lesus
932 1955 988 2014 ab·

228 2049 411 2111 undantiori
449 2049 638 2124 clementia,
678 2067 719 2109 ne
755 2051 988 2112 absorberetur

227 2147 366 2225 graviori
398 2147 544 2207 tristitia:
572 2164 656 2223 quae
683 2148 812 2223 publice
834 2159 988 2210 accusata

227 2264 323 2323 passa
338 2255 388 2306 est
403 2263 555 2322 magnum
571 2262 630 2321 pro
641 2245 736 2321 culpa
751 2263 810 2306 sua
821 2247 988 2308 ruborem.

268 2343 397 2405 Audisti
441 2343 646 2403 clementiam
690 2342 867 2403 Salvatoris
910 2361 987 2404 cum

192 2442 329 2503 aomulta
344 2440 567 2502 consolatione
590 2450 814 2516 peccatorum3
836 2442 932 2501 stude
956 2452 989 2502 et

228 2550 262 2600 tu
274 2540 386 2615 culpas
401 2550 473 2600 tuas
488 2556 677 2618 agnoscere,
692 2549 724 2600 et
740 2540 835 2616 digne
847 2539 988 2600 deflere:

227 2649 400 2715 antequam
417 2639 644 2715 deprehensus
658 2655 677 2696 a
691 2637 906 2715 nequissimis
922 2637 989 2714 spi-

229 2735 344 2796 ritibus
366 2736 492 2813 cogaris
507 2737 540 2796 in
558 2735 679 2796 iudicio
702 2735 811 2795 futuro
826 2734 866 2794 de
882 2737 990 2796 omni·
1061 2801 1062 2804 ,

228 2835 290 2894 bus
318 2835 477 2895 rationem
507 2834 653 2894 reddere.
697 2834 758 2894 Dic
780 2851 854 2894 cum
882 2834 989 2908 publi-

194 2946 320 2990 ascano.
348 2932 439 2991 Deus
454 2931 614 3008 propitius
629 2941 700 2991 esto
715 2930 795 2990 mihi
812 2932 989 3006 peccatori.

231 3029 300 3088 Nec
316 3028 445 3089 dubites
455 3030 496 3089 de
506 3028 732 3089 misericordia
742 3028 989 3104 Redemptoris3
1061 3037 1062 3084 1

229 3125 405 3185 dummodo
427 3125 467 3185 de
490 3135 599 3187 cetero
615 3125 698 3184 velis
714 3142 753 3184 ex
768 3124 845 3185 totis
860 3125 989 3185 viribus
1061 3123 1062 3200 ᾖ

230 3232 412 3298 perpetrata
422 3233 596 3285 caverezet
606 3223 751 3299 perfecte
762 3223 861 3282 vitam
875 3239 990 3284 emen·
1061 3231 1062 3278 1

230 3320 316 3380 dare.

194 3437 222 3477 oo
271 3416 455 3479 Considera
476 3429 508 3478 et
529 3417 562 3476 in
585 3419 647 3476 hoc
671 3434 771 3493 opere
793 3417 880 3492 lesu,
908 3419 988 3494 quid
1061 3459 1062 3464 κ

230 3514 332 3590 egerit
354 3513 537 3574 scribendo.
567 3514 637 3574 Nec
652 3514 782 3574 mireris
796 3514 824 3574 si
840 3515 988 3575 scribere
1061 3525 1062 3584 1

591 3618 628 3658 168
