2118 4186
242 393 322 444 W:
358 391 534 435 omiottes
549 392 589 434 nt
603 391 752 434 Pnsslotlt
768 391 887 432 nolim
925 392 1014 442 2355·

243 525 353 586 omnia
374 535 507 602 peccata
527 542 609 585 mea.
638 524 688 586 Sit
702 525 781 585 mihi
804 527 889 584 haec
904 542 1015 583 reue·

243 625 344 685 randa
363 635 526 684 armatura
549 635 582 684 et
602 623 722 682 decora
748 635 863 682 contra
891 623 1014 681 omnia

243 721 321 783 vitia
340 733 374 782 et
394 731 627 798 temptamenta
647 719 823 796 singularis
844 721 1013 795 minuma„

243 817 292 880 Sit
322 819 402 879 mihi
433 817 632 879 cotidianum
663 819 835 894 speculum
867 829 904 876 et
935 817 1012 874 ‹lul-

219 917 412 978 scissimum
423 917 551 977 animae
562 932 655 977 meae
665 914 1011 976 solaciumtamdolo·

242 1031 353 1076 rosum
375 1027 409 1076 et
430 1015 538 1075 flebile
559 1015 793 1090 spectaculum.

282 1113 432 1190 Suscipe‚
442 1111 649 1173 sanctissime
661 1111 767 1186 Pater,
778 1110 1007 1188 gratissimam

242 1211 380 1272 hostiam
390 1211 487 1272 oblati
497 1210 643 1286 corporis
652 1209 1007 1285 filiitui‚quamtuipse

240 1309 297 1370 tibi
314 1309 511 1386 praeparasti
534 1325 571 1369 ac
593 1309 626 1369 in
644 1307 882 1383 sempiternum
905 1307 1006 1366 satis-

207 1422 232 1464 ιο
242 1407 420 1482 laetorum,
434 1407 563 1484 dignam
577 1417 675 1483 atque
689 1405 910 1466 sufficientem
923 1421 1004 1463 esse

241 1505 390 1580 voluisti,
418 1505 458 1565 ad
486 1505 708 1565 exhaurienda
732 1503 842 1564 omnia
865 1515 1004 1578 peccata

240 1614 304 1663 tam
331 1613 496 1664 contracta
524 1620 620 1679 quarn
650 1604 816 1664 voluntate
844 1600 1002 1660 admissa

241 1699 380 1777 Suscipe
402 1717 455 1760 me
479 1701 599 1777 pariter
627 1701 724 1761 hodie
753 1700 786 1759 iu
808 1710 921 1759 sancta
943 1701 1001 1758 ob-

240 1797 377 1872 latione,
406 1815 470 1874 qua
498 1799 587 1858 nulla
608 1799 752 1860 sanctior
779 1807 830 1858 est
851 1809 884 1857 et
905 1815 1000 1873 prae-

207 1895 393 1972 isstantior,
422 1913 505 1972 quae
526 1896 584 1956 tibi
607 1896 838 1958 venerabiliter
859 1896 1000 1956 offertur

241 2009 299 2069 per
329 2009 445 2054 manus
476 1994 681 2053 sacerdotum
713 2003 842 2054 tuorum
879 1991 997 2054 diebus

240 2089 378 2166 singulis
390 2107 447 2167 pro
459 2091 544 2151 vivis
555 2101 588 2151 et
598 2091 735 2152 mortuis
746 2109 782 2151 ac
793 2109 851 2168 pro
867 2092 995 2151 cunctis

240 2187 491 2248 necessitatibus
502 2188 634 2249 nostris.
661 2189 993 2250 Proficiathaecmihi

240 2285 993 2360 etomnibusorationibusmeiscommendatis

203 2397 378 2460 eoquorum
401 2383 583 2446 necessitas
605 2394 637 2443 et
659 2383 740 2443 fides
761 2383 818 2444 tibi
837 2394 911 2443 nota
932 2393 990 2458 est,

239 2481 310 2541 sive
338 2481 401 2542 iam
430 2490 621 2558 praesentes
650 2481 720 2541 sive
742 2482 895 2542 absentes
916 2482 989 2541 huic

239 2578 390 2640 sollemni
402 2577 611 2640 celebrationi
624 2578 773 2639 existant.
798 2578 989 2639 Perveniant

238 2677 277 2736 ad
306 2686 338 2736 te
366 2693 482 2752 preces
511 2692 623 2737 eorum
649 2686 681 2736 et
703 2676 850 2751 devotio,
878 2693 989 2753 coope-

238 2783 328 2834 retur
349 2773 414 2834 illis
435 2775 474 2834 ad
497 2775 634 2834 salutern
651 2771 827 2833 ineffabilis
843 2773 944 2833 virtus
958 2785 988 2834 et

202 2869 384 2932 oselflcacia
406 2871 618 2946 sacramenti,
647 2872 733 2947 quod
763 2870 918 2931 divinitus
941 2883 988 2931 est

238 2969 433 3045 institutum,
443 2987 509 3031 non
521 2968 710 3029 humanitus
720 2969 986 3046 investigandum,

238 3068 295 3128 sed
319 3066 371 3142 pie
397 3067 588 3140 colendum,
617 3065 757 3126 fideliter
784 3067 986 3142 adorandum,

239 3162 374 3224 tirmiter
395 3164 594 3224 credendum
618 3173 649 3224 et
665 3165 823 3241 usquead
842 3181 984 3225 consum-

239 3259 413 3321 mationem
434 3260 556 3322 saeculi
577 3261 844 3322 continuandum.
874 3262 983 3340 Opre·

201 3358 453 3419 sotiosissimum
476 3369 507 3418 et
529 3358 762 3418 suavissimum
785 3359 983 3436 sacrificium,

237 3455 323 3531 quod
345 3455 401 3514 tibi
425 3467 557 3516 aeterno
574 3456 660 3516 Patri
684 3473 741 3532 pro
764 3457 858 3516 nobis
878 3457 982 3533 optulit

594 3559 636 3600 sao
