2144 4194
99 398 427 453 mmmmm
463 399 507 451 us]
541 395 862 450 muuasuasuasa

100 535 163 594 sed
192 533 232 594 ad
260 532 457 608 explendum
486 531 713 608 propheticum
740 546 862 590 sermo·

102 649 192 692 nem.
240 631 432 707 Exemplum
462 630 560 708 igitur
588 631 710 691 bonum
740 628 862 689 sanctis

102 728 384 805 praedicatoribus
431 737 463 788 et
507 727 669 804 religiosis
711 727 862 802 personis

102 826 265 900 ostendit,
305 842 346 885 ne
382 824 565 900 pompatice
601 824 762 900 equitent3
802 841 863 899 nec

104 934 317 1000 sumptuosas
340 940 501 1000 expensas
524 924 556 982 in
579 923 696 983 itinere
728 922 886 982 iaciant25

104 1039 149 1081 ne
178 1020 402 1081 saecularibus
432 1022 639 1096 scandalum,
668 1031 699 1081 et
723 1038 863 1081 conven-

105 1119 195 1179 tibus
227 1119 297 1179 suis
328 1119 534 1179 occasionem
560 1118 738 1179 murmuris
768 1135 864 1195 gene-

105 1225 191 1275 rent.
220 1213 361 1276 Attende
383 1216 436 1275 hic
460 1216 559 1277 irater
580 1216 733 1293 religiose
756 1216 863 1275 lesum

107 1312 277 1389 fatigatum
312 1330 352 1372 ex
380 1313 514 1374 itinere:
544 1331 610 1374 non
640 1323 864 1375 transeuntem

106 1409 242 1486 spatiari
256 1427 315 1486 pro
331 1411 543 1471 recreatione.
566 1411 663 1488 Quod
681 1411 708 1470 si
724 1410 864 1471 recreari
878 1427 902 1468 ιο

106 1525 193 1584 opus
209 1517 269 1582 est,
291 1525 356 1568 non
378 1509 483 1584 palam
499 1526 560 1569 nec
576 1510 671 1586 longe
688 1509 802 1568 abeas:
824 1525 865 1567 ne

107 1615 165 1666 tua
194 1606 382 1682 evagatione
413 1606 495 1666 alios
524 1606 681 1666 offendas.
730 1606 867 1667 Declina

108 1713 220 1764 autem
250 1704 282 1764 in
310 1713 433 1780 partem
456 1705 555 1764 sortis
576 1715 783 1780 sanctorum,
811 1704 865 1763 ubi

109 1801 248 1862 verbum
265 1803 327 1862 Dei
342 1803 471 1863 audias:
493 1803 545 1862 vel
561 1803 741 1863 sanctitatis
759 1820 867 1863 exem-

109 1900 165 1976 pla
194 1901 387 1976 conspicias.
431 1901 519 1961 illale
544 1901 647 1961 tendit
669 1910 903 1962 recreatum:15

109 1997 167 2074 qui
211 1998 432 2060 conscientiae
474 1998 580 2075 perdit
624 1984 867 2060 iucunditatem.

109 2095 215 2155 Valde
230 2112 354 2156 vacuus
376 2096 465 2156 intus
487 2106 537 2156 est
557 2106 588 2157 et
603 2096 750 2157 modicae
772 2096 868 2155 devo-

108 2193 227 2253 tionis:
259 2192 313 2269 qui
346 2194 385 2253 ad
417 2194 655 2254 excursandum
689 2193 793 2253 facilis
822 2193 869 2253 in·

110 2289 252 2350 venitur.
295 2290 381 2351 Esau
404 2290 454 2350 vir
481 2308 601 2368 gnarus
624 2292 763 2351 venandi
793 2292 869 2351 dum

111 2397 258 2448 moratur
281 2387 360 2447 ioris
383 2388 416 2447 in
438 2405 531 2465 agro:
560 2389 705 2465 privatus
728 2399 778 2449 est
799 2389 905 2449 iurem

111 2495 258 2562 paterno.
303 2486 397 2545 lacob
420 2495 528 2546 autem
558 2487 655 2546 homo
678 2486 817 2562 simplex
839 2496 870 2546 et

111 2582 263 2642 habitans
292 2583 326 2643 in
354 2584 563 2643 tabernaculo
592 2583 669 2644 dum
692 2583 784 2644 matri
806 2585 870 2643 'hu-

13 2751 14 2756 '
112 2680 236 2740 militer
257 2681 404 2756 oboedit,
433 2692 465 2740 et
487 2682 525 2740 ab
548 2680 738 2757 evagatione
769 2680 870 2756 pedes

112 2777 299 2838 restrinxit:
323 2779 585 2839 benedictionem
606 2779 705 2854 patris
724 2778 805 2838 mira
820 2795 870 2838 ce-

112 2876 242 2936 leritate
271 2877 405 2952 accepit.
449 2877 583 2937 Fallitur
603 2887 730 2938 astutus
752 2878 785 2937 in
807 2877 907 2942 viisa

113 2975 199 3049 suis,
228 2992 321 3051 spem
350 2977 474 3035 habens
497 2976 530 3034 in
552 2993 629 3036 arcu
652 2986 684 3036 et
705 2977 870 3052 pharetra:

113 3073 246 3132 adiutus
276 3082 325 3132 est
354 3073 387 3132 in
412 3073 707 3149 opportunitatibus
731 3073 800 3133 suis
822 3073 872 3133 vir

113 3171 255 3247 simplex
272 3171 341 3231 Deo
358 3171 513 3247 intentus,
528 3173 627 3231 homo
642 3172 714 3231 sine
729 3172 871 3248 querela.

114 3268 230 3329 Solent
258 3269 297 3329 ad
326 3270 448 3330 exitum
478 3282 510 3330 et
531 3269 653 3329 saeculi
677 3269 805 3346 negotia
826 3269 872 3345 pi·

113 3367 241 3443 griores
264 3366 422 3427 existere:
451 3368 505 3444 qui
529 3368 615 3427 circa
637 3367 792 3427 interiora
813 3384 908 3431 suaso

115 3465 306 3540 diligentius
330 3482 440 3526 curam
462 3475 588 3542 gerunt.
632 3465 772 3525 Desides
794 3483 872 3525 vero

479 3571 516 3613 ιω
726 3569 766 3611 ιι·
