<?xml version="1.0" encoding="UTF-8"?>
<!DOCTYPE html PUBLIC "-//W3C//DTD XHTML 1.0 Transitional//EN"
    "http://www.w3.org/TR/xhtml1/DTD/xhtml1-transitional.dtd">
<html xmlns="http://www.w3.org/1999/xhtml" xml:lang="en" lang="en">
 <head>
  <title>
</title>
<meta http-equiv="Content-Type" content="text/html;charset=utf-8" />
  <meta name='ocr-system' content='tesseract 3.04.00' />
  <meta name='ocr-capabilities' content='ocr_page ocr_carea ocr_par ocr_line ocrx_word'/>
</head>
<body>
  <div class='ocr_page' id='page_1' title='image "./thomaehemerkena01pohlgoog_0360.png"; bbox 0 0 2118 4186; ppageno 0'>
   <div class='ocr_carea' id='block_1_1' title="bbox 400 607 484 655">
    <p class='ocr_par' dir='ltr' id='par_1_1' title="bbox 400 607 484 655">
     <span class='ocr_line' id='line_1_1' title="bbox 400 607 484 655; baseline 0.012 -1"><span class='ocrx_word' id='word_1_1' title='bbox 400 627 402 636; x_wconf 39' lang='lat' dir='ltr'>r</span> <span class='ocrx_word' id='word_1_2' title='bbox 439 607 484 655; x_wconf 89' lang='lat'>111.</span> 
     </span>
    </p>
   </div>
   <div class='ocr_carea' id='block_1_2' title="bbox 158 721 763 881">
    <p class='ocr_par' dir='ltr' id='par_1_2' title="bbox 158 721 763 881">
     <span class='ocr_line' id='line_1_2' title="bbox 158 721 763 798; baseline -0.003 -15"><span class='ocrx_word' id='word_1_3' title='bbox 158 722 270 783; x_wconf 81' lang='lat' dir='ltr'>Oratio</span> <span class='ocrx_word' id='word_1_4' title='bbox 291 723 335 782; x_wconf 83' lang='lat' dir='ltr'>od</span> <span class='ocrx_word' id='word_1_5' title='bbox 356 723 615 798; x_wconf 84' lang='lat' dir='ltr'>compatiendum</span> <span class='ocrx_word' id='word_1_6' title='bbox 639 721 763 783; x_wconf 79' lang='lat' dir='ltr'>Christo</span> 
     </span>
     <span class='ocr_line' id='line_1_3' title="bbox 260 821 664 881; baseline -0.002 -1"><span class='ocrx_word' id='word_1_7' title='bbox 260 825 292 880; x_wconf 86' lang='lat' dir='ltr'>et</span> <span class='ocrx_word' id='word_1_8' title='bbox 311 821 449 881; x_wconf 81' lang='lat' dir='ltr'>dilectae</span> <span class='ocrx_word' id='word_1_9' title='bbox 470 822 565 880; x_wconf 86' lang='lat' dir='ltr'>matri</span> <span class='ocrx_word' id='word_1_10' title='bbox 586 821 664 880; x_wconf 84' lang='lat' dir='ltr'>eius.</span> 
     </span>
    </p>
   </div>
   <div class='ocr_carea' id='block_1_3' title="bbox 77 913 946 3489">
    <p class='ocr_par' dir='ltr' id='par_1_3' title="bbox 77 913 875 2805">
     <span class='ocr_line' id='line_1_4' title="bbox 79 913 837 1134; baseline -0.001 -102"><span class='ocrx_word' id='word_1_11' title='bbox 79 913 290 1134; x_wconf 44' lang='lat' dir='ltr'>Quaem</span> <span class='ocrx_word' id='word_1_12' title='bbox 318 989 426 1049; x_wconf 86' lang='lat' dir='ltr'>genua</span> <span class='ocrx_word' id='word_1_13' title='bbox 453 989 526 1032; x_wconf 87' lang='lat' dir='ltr'>mea</span> <span class='ocrx_word' id='word_1_14' title='bbox 554 973 592 1032; x_wconf 90' lang='lat' dir='ltr'>ad</span> <span class='ocrx_word' id='word_1_15' title='bbox 619 982 667 1048; x_wconf 88' lang='lat' dir='ltr'>te,</span> <span class='ocrx_word' id='word_1_16' title='bbox 696 971 837 1031; x_wconf 88' lang='lat' dir='ltr'>Domine</span> 
     </span>
     <span class='ocr_line' id='line_1_5' title="bbox 213 1069 860 1146; baseline 0 -17"><span class='ocrx_word' id='word_1_17' title='bbox 213 1070 287 1129; x_wconf 90' lang='lat' dir='ltr'>Iesu</span> <span class='ocrx_word' id='word_1_18' title='bbox 320 1069 473 1143; x_wconf 86' lang='lat' dir='ltr'>Christe,</span> <span class='ocrx_word' id='word_1_19' title='bbox 504 1085 601 1146; x_wconf 87' lang='lat' dir='ltr'>quem</span> <span class='ocrx_word' id='word_1_20' title='bbox 633 1087 691 1146; x_wconf 93' lang='lat' dir='ltr'>pro</span> <span class='ocrx_word' id='word_1_21' title='bbox 722 1086 775 1130; x_wconf 93' lang='lat' dir='ltr'>me</span> <span class='ocrx_word' id='word_1_22' title='bbox 804 1069 860 1129; x_wconf 84' lang='lat' dir='ltr'>in⁵</span> 
     </span>
     <span class='ocr_line' id='line_1_6' title="bbox 77 1166 838 1243; baseline -0.001 -16"><span class='ocrx_word' id='word_1_23' title='bbox 77 1184 181 1228; x_wconf 89' lang='lat' dir='ltr'>cruce</span> <span class='ocrx_word' id='word_1_24' title='bbox 191 1184 291 1228; x_wconf 89' lang='lat' dir='ltr'>cerno</span> <span class='ocrx_word' id='word_1_25' title='bbox 301 1184 510 1243; x_wconf 87' lang='lat' dir='ltr'>suspensum.</span> <span class='ocrx_word' id='word_1_26' title='bbox 531 1166 642 1227; x_wconf 89' lang='lat' dir='ltr'>Saluto</span> <span class='ocrx_word' id='word_1_27' title='bbox 653 1176 695 1242; x_wconf 90' lang='lat' dir='ltr'>te,</span> <span class='ocrx_word' id='word_1_28' title='bbox 710 1183 838 1227; x_wconf 92' lang='lat' dir='ltr'>ovene-</span> 
     </span>
     <span class='ocr_line' id='line_1_7' title="bbox 77 1264 838 1342; baseline -0.003 -16"><span class='ocrx_word' id='word_1_29' title='bbox 77 1264 184 1326; x_wconf 76' lang='lat' dir='ltr'>rande</span> <span class='ocrx_word' id='word_1_30' title='bbox 212 1265 317 1342; x_wconf 81' lang='lat' dir='ltr'><strong>imago</strong></span> <span class='ocrx_word' id='word_1_31' title='bbox 347 1264 492 1326; x_wconf 86' lang='lat' dir='ltr'>crucifixi</span> <span class='ocrx_word' id='word_1_32' title='bbox 516 1264 648 1325; x_wconf 88' lang='lat' dir='ltr'>Domini</span> <span class='ocrx_word' id='word_1_33' title='bbox 675 1265 740 1324; x_wconf 91' lang='lat' dir='ltr'>mei</span> <span class='ocrx_word' id='word_1_34' title='bbox 764 1265 838 1325; x_wconf 86' lang='lat' dir='ltr'>lesu</span> 
     </span>
     <span class='ocr_line' id='line_1_8' title="bbox 79 1361 838 1438; baseline -0.005 -13"><span class='ocrx_word' id='word_1_35' title='bbox 79 1361 228 1438; x_wconf 85' lang='lat' dir='ltr'>Christi,</span> <span class='ocrx_word' id='word_1_36' title='bbox 254 1362 349 1422; x_wconf 92' lang='lat' dir='ltr'>cuius</span> <span class='ocrx_word' id='word_1_37' title='bbox 370 1361 529 1438; x_wconf 81' lang='lat' dir='ltr'>sanguine</span> <span class='ocrx_word' id='word_1_38' title='bbox 555 1361 743 1438; x_wconf 91' lang='lat' dir='ltr'>redemptus</span> <span class='ocrx_word' id='word_1_39' title='bbox 765 1378 838 1422; x_wconf 93' lang='lat' dir='ltr'>sum</span> 
     </span>
     <span class='ocr_line' id='line_1_9' title="bbox 79 1459 839 1533; baseline -0.004 -11"><span class='ocrx_word' id='word_1_40' title='bbox 79 1463 125 1522; x_wconf 89' lang='lat' dir='ltr'>de</span> <span class='ocrx_word' id='word_1_41' title='bbox 147 1478 245 1521; x_wconf 81' lang='lat' dir='ltr'>manu</span> <span class='ocrx_word' id='word_1_42' title='bbox 268 1459 402 1520; x_wconf 91' lang='lat' dir='ltr'>inimici.</span> <span class='ocrx_word' id='word_1_43' title='bbox 432 1459 529 1520; x_wconf 87' lang='lat' dir='ltr'>Salve</span> <span class='ocrx_word' id='word_1_44' title='bbox 547 1459 695 1521; x_wconf 83' lang='lat' dir='ltr'><strong>Salvator</strong></span> <span class='ocrx_word' id='word_1_45' title='bbox 716 1459 839 1533; x_wconf 90' lang='lat' dir='ltr'>mundi,</span> 
     </span>
     <span class='ocr_line' id='line_1_10' title="bbox 78 1557 874 1636; baseline -0.003 -18"><span class='ocrx_word' id='word_1_46' title='bbox 78 1558 138 1636; x_wconf 90' lang='lat' dir='ltr'>qui</span> <span class='ocrx_word' id='word_1_47' title='bbox 169 1559 252 1618; x_wconf 87' lang='lat' dir='ltr'>hanc</span> <span class='ocrx_word' id='word_1_48' title='bbox 274 1557 510 1618; x_wconf 80' lang='lat' dir='ltr'>amarissimam</span> <span class='ocrx_word' id='word_1_49' title='bbox 541 1568 678 1617; x_wconf 90' lang='lat' dir='ltr'>mortem</span> <span class='ocrx_word' id='word_1_50' title='bbox 705 1574 763 1633; x_wconf 88' lang='lat' dir='ltr'>pro</span> <span class='ocrx_word' id='word_1_51' title='bbox 786 1569 874 1616; x_wconf 88' lang='lat' dir='ltr'>me¹⁰</span> 
     </span>
     <span class='ocr_line' id='line_1_11' title="bbox 78 1654 838 1730; baseline -0.001 -14"><span class='ocrx_word' id='word_1_52' title='bbox 78 1655 280 1716; x_wconf 80' lang='lat' dir='ltr'>sustinuisti.</span> <span class='ocrx_word' id='word_1_53' title='bbox 334 1655 413 1714; x_wconf 90' lang='lat' dir='ltr'>Peto</span> <span class='ocrx_word' id='word_1_54' title='bbox 445 1665 496 1730; x_wconf 90' lang='lat' dir='ltr'>te,</span> <span class='ocrx_word' id='word_1_55' title='bbox 531 1654 722 1716; x_wconf 83' lang='lat' dir='ltr'>dulcissime</span> <span class='ocrx_word' id='word_1_56' title='bbox 754 1656 838 1729; x_wconf 91' lang='lat' dir='ltr'>lesu,</span> 
     </span>
     <span class='ocr_line' id='line_1_12' title="bbox 79 1752 839 1830; baseline -0.003 -16"><span class='ocrx_word' id='word_1_57' title='bbox 79 1762 214 1830; x_wconf 82' lang='lat' dir='ltr'>praesta</span> <span class='ocrx_word' id='word_1_58' title='bbox 230 1753 309 1813; x_wconf 93' lang='lat' dir='ltr'>mihi</span> <span class='ocrx_word' id='word_1_59' title='bbox 326 1753 507 1812; x_wconf 90' lang='lat' dir='ltr'>secundum</span> <span class='ocrx_word' id='word_1_60' title='bbox 524 1753 764 1813; x_wconf 87' lang='lat' dir='ltr'>multitudinem</span> <span class='ocrx_word' id='word_1_61' title='bbox 781 1752 839 1812; x_wconf 93' lang='lat' dir='ltr'>mi·</span> 
     </span>
     <span class='ocr_line' id='line_1_13' title="bbox 80 1850 839 1926; baseline -0.004 -13"><span class='ocrx_word' id='word_1_62' title='bbox 80 1851 283 1913; x_wconf 84' lang='lat' dir='ltr'>sericordiae</span> <span class='ocrx_word' id='word_1_63' title='bbox 311 1860 385 1911; x_wconf 87' lang='lat' dir='ltr'>tuae</span> <span class='ocrx_word' id='word_1_64' title='bbox 408 1851 464 1911; x_wconf 92' lang='lat' dir='ltr'>tibi</span> <span class='ocrx_word' id='word_1_65' title='bbox 488 1851 520 1910; x_wconf 94' lang='lat' dir='ltr'>in</span> <span class='ocrx_word' id='word_1_66' title='bbox 543 1850 695 1910; x_wconf 90' lang='lat' dir='ltr'>omnihus</span> <span class='ocrx_word' id='word_1_67' title='bbox 724 1851 839 1926; x_wconf 91' lang='lat' dir='ltr'>poenis</span> 
     </span>
     <span class='ocr_line' id='line_1_14' title="bbox 80 1948 839 2024; baseline -0.003 -14"><span class='ocrx_word' id='word_1_68' title='bbox 80 1948 224 2024; x_wconf 80' lang='lat' dir='ltr'>compati</span> <span class='ocrx_word' id='word_1_69' title='bbox 241 1964 383 2009; x_wconf 88' lang='lat' dir='ltr'>necnon</span> <span class='ocrx_word' id='word_1_70' title='bbox 399 1948 626 2010; x_wconf 87' lang='lat' dir='ltr'>sanctissimae</span> <span class='ocrx_word' id='word_1_71' title='bbox 638 1949 750 2008; x_wconf 87' lang='lat' dir='ltr'>matris</span> <span class='ocrx_word' id='word_1_72' title='bbox 765 1959 839 2009; x_wconf 81' lang='lat' dir='ltr'>tuae</span> 
     </span>
     <span class='ocr_line' id='line_1_15' title="bbox 81 2045 874 2107; baseline 0 -1"><span class='ocrx_word' id='word_1_73' title='bbox 81 2046 252 2107; x_wconf 89' lang='lat' dir='ltr'>doloribus</span> <span class='ocrx_word' id='word_1_74' title='bbox 274 2045 389 2106; x_wconf 91' lang='lat' dir='ltr'>intimo</span> <span class='ocrx_word' id='word_1_75' title='bbox 407 2046 515 2106; x_wconf 91' lang='lat' dir='ltr'>cordis</span> <span class='ocrx_word' id='word_1_76' title='bbox 530 2046 648 2107; x_wconf 81' lang='lat' dir='ltr'>affectu</span> <span class='ocrx_word' id='word_1_77' title='bbox 665 2047 839 2107; x_wconf 87' lang='lat' dir='ltr'>condolere</span> <span class='ocrx_word' id='word_1_78' title='bbox 850 2057 874 2098; x_wconf 82' lang='lat'>¹⁵</span> 
     </span>
     <span class='ocr_line' id='line_1_16' title="bbox 81 2143 840 2220; baseline 0 -16"><span class='ocrx_word' id='word_1_79' title='bbox 81 2153 117 2204; x_wconf 90' lang='lat' dir='ltr'>et</span> <span class='ocrx_word' id='word_1_80' title='bbox 139 2160 213 2203; x_wconf 92' lang='lat' dir='ltr'>cum</span> <span class='ocrx_word' id='word_1_81' title='bbox 236 2143 425 2204; x_wconf 80' lang='lat' dir='ltr'>beatissimo</span> <span class='ocrx_word' id='word_1_82' title='bbox 445 2144 589 2204; x_wconf 87' lang='lat' dir='ltr'>Iohanne</span> <span class='ocrx_word' id='word_1_83' title='bbox 611 2146 757 2220; x_wconf 87' lang='lat' dir='ltr'>apostolo</span> <span class='ocrx_word' id='word_1_84' title='bbox 780 2146 840 2204; x_wconf 87' lang='lat' dir='ltr'>lar-</span> 
     </span>
     <span class='ocr_line' id='line_1_17' title="bbox 80 2241 839 2319; baseline -0.001 -17"><span class='ocrx_word' id='word_1_85' title='bbox 80 2241 168 2319; x_wconf 83' lang='lat' dir='ltr'>giter</span> <span class='ocrx_word' id='word_1_86' title='bbox 190 2242 249 2302; x_wconf 90' lang='lat' dir='ltr'>sub</span> <span class='ocrx_word' id='word_1_87' title='bbox 265 2258 363 2302; x_wconf 89' lang='lat' dir='ltr'>cruce</span> <span class='ocrx_word' id='word_1_88' title='bbox 380 2242 468 2302; x_wconf 77' lang='lat' dir='ltr'>flere.</span> <span class='ocrx_word' id='word_1_89' title='bbox 499 2242 625 2302; x_wconf 87' lang='lat' dir='ltr'>Etenim</span> <span class='ocrx_word' id='word_1_90' title='bbox 642 2242 839 2303; x_wconf 84' lang='lat' dir='ltr'>solaciosum</span> 
     </span>
     <span class='ocr_line' id='line_1_18' title="bbox 83 2339 839 2416; baseline 0 -16"><span class='ocrx_word' id='word_1_91' title='bbox 83 2339 166 2400; x_wconf 92' lang='lat' dir='ltr'>mihi</span> <span class='ocrx_word' id='word_1_92' title='bbox 196 2355 282 2399; x_wconf 89' lang='lat' dir='ltr'>nunc</span> <span class='ocrx_word' id='word_1_93' title='bbox 306 2339 376 2399; x_wconf 84' lang='lat' dir='ltr'>iore</span> <span class='ocrx_word' id='word_1_94' title='bbox 398 2339 501 2415; x_wconf 83' lang='lat' dir='ltr'>scias,</span> <span class='ocrx_word' id='word_1_95' title='bbox 529 2340 556 2399; x_wconf 89' lang='lat' dir='ltr'>si</span> <span class='ocrx_word' id='word_1_96' title='bbox 581 2357 713 2416; x_wconf 91' lang='lat' dir='ltr'>possem</span> <span class='ocrx_word' id='word_1_97' title='bbox 742 2340 839 2400; x_wconf 87' lang='lat' dir='ltr'>etiam</span> 
     </span>
     <span class='ocr_line' id='line_1_19' title="bbox 83 2436 840 2514; baseline 0 -17"><span class='ocrx_word' id='word_1_98' title='bbox 83 2436 840 2514; x_wconf 80' lang='lat' dir='ltr'>exterioreslacrimaspraemagnitudinecom·</span> 
     </span>
     <span class='ocr_line' id='line_1_20' title="bbox 83 2533 875 2612; baseline 0.003 -20"><span class='ocrx_word' id='word_1_99' title='bbox 83 2533 249 2610; x_wconf 82' lang='lat' dir='ltr'>passionis</span> <span class='ocrx_word' id='word_1_100' title='bbox 264 2550 373 2595; x_wconf 82' lang='lat' dir='ltr'>coram</span> <span class='ocrx_word' id='word_1_101' title='bbox 397 2535 538 2612; x_wconf 83' lang='lat' dir='ltr'>imagine</span> <span class='ocrx_word' id='word_1_102' title='bbox 553 2535 661 2596; x_wconf 88' lang='lat' dir='ltr'>crucis</span> <span class='ocrx_word' id='word_1_103' title='bbox 678 2545 752 2596; x_wconf 88' lang='lat' dir='ltr'>tuae</span> <span class='ocrx_word' id='word_1_104' title='bbox 769 2534 875 2594; x_wconf 74' lang='lat' dir='ltr'>fun-2⁰</span> 
     </span>
     <span class='ocr_line' id='line_1_21' title="bbox 83 2631 839 2709; baseline 0.001 -18"><span class='ocrx_word' id='word_1_105' title='bbox 83 2632 180 2708; x_wconf 88' lang='lat' dir='ltr'>dere,</span> <span class='ocrx_word' id='word_1_106' title='bbox 208 2631 263 2708; x_wconf 94' lang='lat' dir='ltr'>qui</span> <span class='ocrx_word' id='word_1_107' title='bbox 286 2649 419 2708; x_wconf 89' lang='lat' dir='ltr'>prome</span> <span class='ocrx_word' id='word_1_108' title='bbox 443 2632 622 2708; x_wconf 90' lang='lat' dir='ltr'>pretiosum</span> <span class='ocrx_word' id='word_1_109' title='bbox 647 2632 839 2709; x_wconf 85' lang='lat' dir='ltr'>sanguinem</span> 
     </span>
     <span class='ocr_line' id='line_1_22' title="bbox 83 2729 544 2805; baseline 0.002 -16"><span class='ocrx_word' id='word_1_110' title='bbox 83 2730 214 2790; x_wconf 84' lang='lat' dir='ltr'>abunde</span> <span class='ocrx_word' id='word_1_111' title='bbox 236 2729 368 2805; x_wconf 87' lang='lat' dir='ltr'>saepius</span> <span class='ocrx_word' id='word_1_112' title='bbox 390 2729 544 2790; x_wconf 84' lang='lat' dir='ltr'>effudisti.</span> 
     </span>
    </p>

    <p class='ocr_par' dir='ltr' id='par_1_4' title="bbox 84 2827 946 3489">
     <span class='ocr_line' id='line_1_23' title="bbox 127 2827 840 2905; baseline 0 -17"><span class='ocrx_word' id='word_1_113' title='bbox 127 2827 192 2889; x_wconf 89' lang='lat' dir='ltr'>Sed</span> <span class='ocrx_word' id='word_1_114' title='bbox 203 2828 456 2905; x_wconf 78' lang='lat' dir='ltr'>quinateomne</span> <span class='ocrx_word' id='word_1_115' title='bbox 467 2828 729 2904; x_wconf 88' lang='lat' dir='ltr'>donum,bonum</span> <span class='ocrx_word' id='word_1_116' title='bbox 741 2827 840 2905; x_wconf 90' lang='lat' dir='ltr'>imple</span> 
     </span>
     <span class='ocr_line' id='line_1_24' title="bbox 84 2925 841 3003; baseline -0.001 -16"><span class='ocrx_word' id='word_1_117' title='bbox 84 2929 149 2987; x_wconf 90' lang='lat' dir='ltr'>hoc</span> <span class='ocrx_word' id='word_1_118' title='bbox 164 2925 364 2986; x_wconf 90' lang='lat' dir='ltr'>desiderium</span> <span class='ocrx_word' id='word_1_119' title='bbox 380 2942 488 2986; x_wconf 90' lang='lat' dir='ltr'>meum</span> <span class='ocrx_word' id='word_1_120' title='bbox 510 2926 549 2987; x_wconf 87' lang='lat' dir='ltr'>ad</span> <span class='ocrx_word' id='word_1_121' title='bbox 564 2928 722 2986; x_wconf 87' lang='lat' dir='ltr'>honorem</span> <span class='ocrx_word' id='word_1_122' title='bbox 739 2936 841 3003; x_wconf 88' lang='lat' dir='ltr'>tuum,</span> 
     </span>
     <span class='ocr_line' id='line_1_25' title="bbox 84 3022 946 3100; baseline -0.007 -14"><span class='ocrx_word' id='word_1_123' title='bbox 84 3034 121 3086; x_wconf 91' lang='lat' dir='ltr'>ut</span> <span class='ocrx_word' id='word_1_124' title='bbox 131 3024 332 3085; x_wconf 89' lang='lat' dir='ltr'>etmemoria</span> <span class='ocrx_word' id='word_1_125' title='bbox 342 3024 581 3084; x_wconf 83' lang='lat' dir='ltr'>sacratissimae</span> <span class='ocrx_word' id='word_1_126' title='bbox 593 3022 756 3100; x_wconf 87' lang='lat' dir='ltr'>passionis</span> <span class='ocrx_word' id='word_1_127' title='bbox 767 3033 876 3083; x_wconf 81' lang='lat' dir='ltr'>tuaezs</span> <span class='ocrx_word' id='word_1_128' title='bbox 945 3068 946 3071; x_wconf 15' lang='grc' dir='ltr'>η</span> 
     </span>
     <span class='ocr_line' id='line_1_26' title="bbox 84 3121 841 3200; baseline -0.003 -18"><span class='ocrx_word' id='word_1_129' title='bbox 84 3121 841 3200; x_wconf 85' lang='lat' dir='ltr'>cumsingularirecordationegloriosaematris</span> 
     </span>
     <span class='ocr_line' id='line_1_27' title="bbox 84 3218 840 3295; baseline -0.007 -13"><span class='ocrx_word' id='word_1_130' title='bbox 84 3230 161 3282; x_wconf 90' lang='lat' dir='ltr'>tuae</span> <span class='ocrx_word' id='word_1_131' title='bbox 180 3220 333 3281; x_wconf 83' lang='lat' dir='ltr'>adiuncto</span> <span class='ocrx_word' id='word_1_132' title='bbox 348 3236 480 3295; x_wconf 83' lang='lat' dir='ltr'>semper</span> <span class='ocrx_word' id='word_1_133' title='bbox 494 3219 664 3280; x_wconf 85' lang='lat' dir='ltr'>carissimo</span> <span class='ocrx_word' id='word_1_134' title='bbox 680 3218 840 3294; x_wconf 91' lang='lat' dir='ltr'>discipulo</span> 
     </span>
     <span class='ocr_line' id='line_1_28' title="bbox 84 3314 841 3393; baseline -0.004 -15"><span class='ocrx_word' id='word_1_135' title='bbox 84 3329 141 3379; x_wconf 86' lang='lat' dir='ltr'>tuo</span> <span class='ocrx_word' id='word_1_136' title='bbox 155 3317 309 3393; x_wconf 84' lang='lat' dir='ltr'>Iohanne,</span> <span class='ocrx_word' id='word_1_137' title='bbox 324 3315 472 3377; x_wconf 90' lang='lat' dir='ltr'>eiusdem</span> <span class='ocrx_word' id='word_1_138' title='bbox 489 3315 679 3376; x_wconf 82' lang='lat' dir='ltr'>fidelissimo</span> <span class='ocrx_word' id='word_1_139' title='bbox 695 3314 841 3391; x_wconf 92' lang='lat' dir='ltr'>custode,</span> 
     </span>
     <span class='ocr_line' id='line_1_29' title="bbox 84 3411 841 3489; baseline -0.007 -12"><span class='ocrx_word' id='word_1_140' title='bbox 84 3433 125 3477; x_wconf 88' lang='lat' dir='ltr'>ex</span> <span class='ocrx_word' id='word_1_141' title='bbox 148 3418 209 3476; x_wconf 83' lang='lat' dir='ltr'>hac</span> <span class='ocrx_word' id='word_1_142' title='bbox 224 3416 305 3475; x_wconf 81' lang='lat' dir='ltr'>horo</span> <span class='ocrx_word' id='word_1_143' title='bbox 319 3423 351 3475; x_wconf 91' lang='lat' dir='ltr'>et</span> <span class='ocrx_word' id='word_1_144' title='bbox 367 3414 523 3489; x_wconf 91' lang='lat' dir='ltr'>deinceps</span> <span class='ocrx_word' id='word_1_145' title='bbox 538 3414 571 3474; x_wconf 92' lang='lat' dir='ltr'>in</span> <span class='ocrx_word' id='word_1_146' title='bbox 587 3429 640 3473; x_wconf 88' lang='lat' dir='ltr'>me</span> <span class='ocrx_word' id='word_1_147' title='bbox 660 3411 841 3474; x_wconf 86' lang='lat' dir='ltr'>ferventius</span> 
     </span>
    </p>
   </div>
   <div class='ocr_carea' id='block_1_4' title="bbox 84 3509 876 3658">
    <p class='ocr_par' dir='ltr' id='par_1_5' title="bbox 84 3509 876 3658">
     <span class='ocr_line' id='line_1_30' title="bbox 84 3509 876 3588; baseline -0.008 -15"><span class='ocrx_word' id='word_1_148' title='bbox 84 3512 299 3588; x_wconf 81' lang='lat' dir='ltr'>accendatur,</span> <span class='ocrx_word' id='word_1_149' title='bbox 323 3511 489 3588; x_wconf 88' lang='lat' dir='ltr'>copiosius</span> <span class='ocrx_word' id='word_1_150' title='bbox 511 3510 672 3586; x_wconf 87' lang='lat' dir='ltr'>dilatetur,</span> <span class='ocrx_word' id='word_1_151' title='bbox 693 3509 876 3570; x_wconf 79' lang='lat' dir='ltr'>intimiusoo</span> 
     </span>
     <span class='ocr_line' id='line_1_31' title="bbox 442 3616 484 3658; baseline 0 0"><span class='ocrx_word' id='word_1_152' title='bbox 442 3616 484 3658; x_wconf 68' lang='lat' dir='ltr'>ses</span> 
     </span>
    </p>
   </div>
   <div class='ocr_carea' id='block_1_5' title="bbox 0 0 1073 4186">
    <p class='ocr_par' dir='ltr' id='par_1_6' title="bbox 0 0 1073 4186">
     <span class='ocr_line' id='line_1_32' title="bbox 0 0 1073 4186; baseline 0 0"><span class='ocrx_word' id='word_1_153' title='bbox 0 0 1073 4186; x_wconf 95' lang='lat' dir='ltr'> </span> 
     </span>
    </p>
   </div>
  </div>
 </body>
</html>
