2118 4186
208 414 249 466 ΘΣ
266 412 439 466 [SERMONES
451 414 489 456 DE
499 413 566 456 VITA
578 414 613 456 ET
624 413 772 457 PASSIONE
784 413 914 465 DOMINI]
931 413 974 465 K&

203 547 408 624 grinnione,
436 565 456 607 a
477 556 565 609 recto
587 548 704 609 itinere
727 547 910 621 declinent,
938 556 975 606 et

113 691 115 696 .
209 644 242 705 in
273 645 438 706 laboribus
466 644 627 706 deficiant.
678 646 751 722 lpse
780 646 974 723 compungit

210 760 266 803 cor
281 743 425 803 hominis
440 744 480 803 de
493 743 636 819 peccatis
650 744 848 820 praeteritis3
863 744 973 821 arguit

210 842 250 901 de
272 841 488 918 neglegentiis
511 841 682 901 cotidianis
704 851 735 901 et
754 840 898 900 minimis
914 840 973 900 de-

187 938 368 998 slectibus:
393 955 462 998 nec
485 939 632 1014 patitur
653 938 794 999 morari
817 939 970 1014 culpam

210 1037 383 1096 maculae
415 1035 515 1095 levis
545 1035 584 1095 in
617 1036 862 1096 conscientia
891 1035 971 1094 ani-

211 1151 292 1194 mae
322 1133 467 1194 fidelis.
510 1134 583 1210 lpse
606 1134 723 1195 excitat
750 1135 788 1194 ad
811 1135 973 1194 innovan-
1056 1131 1057 1140 ’

211 1233 287 1292 dum
314 1231 494 1307 fervorem3
520 1233 560 1292 ad
587 1232 703 1293 devote
725 1232 899 1306 orandum,
929 1232 973 1291 ad

212 1329 357 1390 studiose
380 1329 571 1405 legendum,
600 1329 645 1388 ad
674 1338 875 1405 prompte
904 1331 973 1389 ob-

178 1428 462 1488 rooediendum:
488 1427 534 1486 ad
561 1426 738 1487 humilia
760 1427 973 1502 sectanda,

212 1528 255 1587 ad
278 1525 467 1586 exercitia
488 1526 628 1585 devota
649 1524 851 1585 servanda
894 1524 973 1600 lpse
1056 1543 1057 1546 ¹

212 1623 346 1685 retrahit
377 1641 395 1682 a
422 1623 579 1684 terrenis:
611 1623 726 1683 invitat
757 1623 795 1682 ad
824 1622 972 1700 quietern

212 1722 336 1797 cordiS‚
357 1722 503 1797 increpat
525 1722 564 1781 de
586 1721 697 1781 verbis
718 1720 863 1795 levibus;
884 1719 975 1780 miti-

211 1829 264 1896 gat
295 1819 395 1894 iram,
426 1817 558 1894 expellit
590 1818 777 1878 libidinem:
808 1818 891 1878 tollit
923 1819 975 1879 in·

179 1916 350 1991 revidiam,
381 1914 528 1991 reprimit
555 1917 674 1992 gulam.
717 1916 837 1977 Suadet
866 1916 974 1978 vitare

213 2012 368 2088 acediam,
390 2023 503 2074 tenere
525 2012 747 2089 disciplinam:
776 2017 870 2076 docet
892 2015 975 2091 quid

213 2113 384 2189 agendum,
406 2112 526 2189 quidve
548 2113 728 2172 cavendum
752 2113 804 2188 sit,
827 2113 918 2173 intus
941 2125 976 2174 et

214 2209 304 2269 loris
348 2210 421 2284 lpse
450 2211 542 2270 adest
570 2211 731 2271 tribulatis
753 2211 867 2271 corde:
895 2228 977 2271 con·
1056 2277 1057 2296 χ

213 2309 336 2368 solatur
358 2308 514 2383 humileS,
537 2309 631 2385 erigit
652 2308 896 2386 pusillanimes:
919 2327 976 2370 ex·
1056 2351 1057 2360 η

177 2405 302 2468 aoaudit
323 2414 507 2481 gementes,
529 2405 705 2466 miseretur
727 2406 895 2467 flentibus:
919 2425 977 2468 ve·
1056 2487 1057 2490 Ἴ

213 2504 300 2563 niam
323 2503 435 2563 tribuit
456 2503 708 2579 paenitentibus

255 2601 560 2677 Quotienscumque
592 2601 689 2678 igitur
722 2601 888 2662 tribularis
920 2604 975 2663 vel

214 2698 392 2774 temptaris
417 2699 456 2758 ad
479 2699 620 2758 caeleste
643 2699 799 2760 auxilium
821 2699 976 2774 protinus

214 2812 362 2856 recurre:
379 2795 520 2871 Spiritus
535 2795 637 2856 sancti
653 2797 787 2872 gratiam
804 2797 977 2858 humiliter
1056 2879 1057 2882 Ἴ

177 2895 346 2970 asinvoca3
375 2910 506 2955 omnem
536 2893 731 2954 anxietatem
754 2903 841 2955 tuam
865 2895 895 2955 ei
920 2914 976 2956 ex-

215 3008 318 3067 pone:
341 3002 437 3067 atque
460 2992 602 3052 totaliter
622 2991 733 3069 pietati
750 2991 822 3051 eius
838 3001 870 3051 te
886 3008 976 3052 com-

215 3090 324 3165 mitte;
349 3100 383 3149 ut
404 3106 462 3165 pro
485 3107 545 3151 suo
567 3090 771 3167 beneplacito
793 3099 825 3150 et
847 3091 975 3151 bonore

215 3196 332 3248 cuncta
352 3188 539 3264 gravamina
561 3197 615 3248 tua
637 3188 675 3248 ad
698 3186 883 3248 uberiorem
906 3187 976 3248 ani·
1056 3203 1057 3210 ¹

215 3302 287 3345 mae
318 3295 392 3345 tuae
422 3285 603 3361 profectum
636 3284 893 3346 misericorditer
918 3303 976 3366 or·

177 3383 320 3443 aodinet:
343 3383 436 3443 etad
458 3385 631 3444 salutarem
656 3383 754 3444 finem
777 3384 975 3461 omniaper-

215 3481 320 3540 ducat.
363 3480 437 3555 lpse
466 3480 553 3539 enirn
585 3481 694 3541 omnia
725 3481 832 3556 novit,
863 3481 976 3542 omnia
1056 3509 1057 3536 r
