2144 4194
245 455 286 506 63
304 453 477 504 [SERMONES
489 455 527 496 DE
537 455 605 497 vlTn
615 455 650 497 ΕΤ
661 454 809 497 Passtollli
821 454 941 506 nollltll]
957 454 996 506 ff)

246 597 299 647 tur
313 588 352 647 ab
367 588 424 647 illo
439 588 600 665 cogitatio,
615 606 677 649 nec
689 588 878 665 inquinatur
891 587 995 647 cordis

245 684 392 745 affectio:
417 687 476 746 sed
498 690 548 747 est
569 686 640 762 ipse
655 687 766 746 omnia
786 687 819 746 in
837 685 994 746 omnibus.

248 785 384 861 Propter
399 785 490 845 illum
512 785 714 846 aeternitatis
735 785 821 845 diem
838 785 899 845 ista
918 793 995 842 tem·

245 882 366 958 poralis
382 883 513 958 colitur;
532 893 565 942 et
579 892 614 942 ut
629 883 671 942 ibi
688 899 820 960 semper
834 900 905 943 curn
923 883 995 943 lesu

223 979 406 1040 sviverem:
429 981 532 1040 voluit
553 981 624 1056 ipse
646 981 699 1040 hic
722 998 808 1040 unus
824 997 897 1040 esse
915 997 995 1039 mor·

245 1078 368 1138 talium.

286 1175 315 1237 O
338 1176 525 1236 venerande
548 1184 579 1236 et
601 1191 729 1236 summe
754 1176 891 1235 amande
914 1175 995 1248 lesu,

245 1289 264 1332 o
287 1272 425 1332 dulciter
445 1272 688 1348 amplectende,
717 1272 813 1348 digne
836 1273 995 1334 adorande

245 1380 277 1430 et
290 1387 421 1446 semper
435 1370 651 1446 praedicande
666 1387 748 1447 puer
762 1370 995 1446 illustrissime;

211 1484 236 1525 ro
245 1477 279 1527 tu
302 1485 338 1528 es
360 1467 478 1528 unicus
499 1469 640 1528 dilectus
662 1485 773 1543 meus,
797 1486 873 1544 prae
896 1469 995 1529 omni·

244 1565 306 1625 bus
335 1576 367 1625 et
388 1583 489 1641 super
509 1565 619 1626 omnia
642 1565 841 1642 exquisitus:
870 1566 922 1626 cui
945 1582 995 1625 me

244 1663 347 1722 debeo
369 1673 483 1738 totum,
505 1673 537 1724 et
558 1663 715 1740 quidquid
732 1663 861 1723 adicere
876 1664 929 1724 vel
944 1664 995 1724 de·

244 1762 389 1822 siderare
411 1779 557 1837 possum,
578 1779 644 1822 non
660 1771 710 1821 est
725 1761 805 1821 satis
819 1761 858 1820 ad
875 1770 995 1822 votum.

226 1855 227 1858 ’
244 1857 291 1918 Tu
303 1859 391 1918 enim
401 1859 535 1919 excellis
546 1869 663 1920 totum:
675 1869 706 1918 et
715 1857 871 1934 quidquid
881 1874 995 1934 capere

211 1975 235 2014 15
244 1973 378 2032 possum
394 1956 446 2016 vel
462 1956 548 2031 dare,
563 1973 667 2032 paene
683 1956 764 2016 nihil
781 1965 830 2016 est
841 1964 872 2015 et
888 1955 995 2016 minus

244 2070 340 2129 quam
352 2053 526 2114 modicum.
543 2054 609 2131 Ego
621 2054 689 2114 scio
701 2065 733 2115 et
744 2055 841 2115 credo
850 2055 997 2127 fideliter,

244 2151 320 2228 quia
341 2162 473 2227 propter
487 2169 541 2211 me
556 2153 620 2211 huc
640 2153 776 2213 venisti:
799 2162 931 2228 propter
947 2168 996 2211 me

244 2249 297 2309 hic
319 2249 395 2325 poni
418 2248 586 2309 humiliter
600 2249 742 2309 voluisti.
773 2249 890 2309 Fecisti
909 2249 995 2308 enim

244 2347 447 2406 haecomnia
462 2356 593 2423 propter
608 2363 714 2406 meam
730 2355 895 2407 aeternam
914 2347 997 2406 salu·

208 2453 326 2505 actem:
355 2455 387 2504 et
418 2455 550 2521 propter
578 2453 665 2504 tuam
695 2444 889 2504 immensam
919 2444 997 2504 cari·

245 2552 353 2616 tatem,
375 2541 454 2601 mihi
478 2541 585 2601 carius
608 2542 909 2601 commendandam.

284 2638 314 2699 0
337 2647 493 2714 quantum
522 2648 553 2697 te
576 2647 690 2713 teneor
718 2638 870 2716 diligere,
899 2656 997 2716 quan·

244 2745 312 2794 tum
335 2735 467 2794 laudare
496 2746 528 2795 et
548 2735 745 2797 benedicere
774 2755 847 2797 cum
873 2737 997 2814 angelis

174 2899 178 2910 ¹
244 2839 276 2891 et
298 2831 519 2908 archangelis,
547 2848 620 2891 cum
644 2833 766 2893 sanctis
793 2843 825 2894 et
846 2834 998 2894 omnibus

208 2928 348 2990 asbonae
363 2927 539 2988 voluntatis
554 2929 759 2990 hominibus:
781 2930 857 3006 quia
871 2948 930 3007 pro
946 2946 998 2991 me

244 3025 430 3085 incarnatus
453 3043 489 3085 es
512 3034 543 3085 et
558 3026 657 3085 homo
680 3026 794 3087 lactus.
832 3028 955 3088 lllirum
971 3026 996 3087 si

244 3140 397 3199 umquam
420 3122 630 3199 poteritate
653 3123 803 3199 cogitatio
825 3143 899 3185 mea
924 3142 998 3185 avo-

243 3221 326 3280 lare:
349 3229 381 3281 et
402 3231 476 3297 post
497 3230 571 3279 tuae
591 3220 775 3281 dulcedinis
796 3233 938 3298 gustum,
961 3221 998 3282 ad

149 3331 213 3373 iesus
243 3317 330 3378 aliud
359 3317 535 3394 quidquam
565 3316 737 3377 divertere.
780 3319 867 3379 Vere
895 3328 930 3379 tu
963 3336 998 3380 es

142 3407 221 3436 '‘mm“
243 3432 362 3474 manna
383 3414 619 3489 absconditum,
642 3433 739 3475 omne
759 3417 884 3476 habens
906 3417 939 3477 in
963 3435 997 3479 se

134 3458 225 3498 abscon-

144 3519 214 3561 ditum
243 3513 533 3572 delectamentum:
556 3523 587 3572 et
610 3530 740 3573 omnem
763 3513 900 3574 vincens
922 3515 997 3574 alie·

602 3617 640 3657 100
