2144 4194
82 469 408 522 mimmii&
444 469 489 521 [11]
522 469 844 522 ῶὶὓῶῇὶῶδῦἵῶἱῦ

81 603 192 679 angeli
215 603 402 663 desiderant
422 601 621 678 prospicere.
664 603 747 663 Nam
770 602 842 662 eius

80 699 170 759 visio
192 717 292 776 super
312 700 421 761 omnia
442 699 610 776 laetificat3
637 700 709 760 eius
731 700 841 761 fruitio

80 814 182 856 omne
218 797 418 859 desiderium
449 797 577 858 animae
606 798 733 874 implet:
769 798 841 857 eius

81 895 187 954 iacies
209 913 325 956 omnes
350 905 481 956 sanctos
502 896 536 955 in
559 897 648 956 caelo
671 895 841 957 beatificat.

81 993 150 1053 Sed
173 993 251 1069 quid
268 993 388 1053 facient
402 993 457 1071 qui
473 995 578 1054 adhuc
594 993 864 1070 peregrinantur:

80 1091 113 1151 in
133 1101 236 1168 terra3
252 1109 313 1152 nec
324 1093 434 1152 valent
447 1091 571 1168 perlrui
587 1103 739 1152 aeternae
750 1090 841 1151 clari-

79 1189 158 1249 tatis
186 1189 316 1266 gloria?
365 1189 531 1250 Videbunt
561 1207 654 1250 eum:
687 1191 744 1250 sed
775 1207 841 1250 ηοη

79 1287 190 1347 modo.
212 1286 378 1347 Videbunt
393 1304 467 1348 eum
480 1287 610 1363 alonge:
627 1288 684 1347 sed
696 1287 840 1348 nondum

79 1401 194 1460 prope.
220 1383 341 1444 Vident
356 1384 442 1444 enim
459 1401 534 1444 eum
551 1402 638 1444 nunc
654 1402 712 1460 per
728 1385 840 1445 iidem:
891 1441 893 1446 ,

79 1483 141 1543 sed
163 1482 304 1542 necdum
327 1500 385 1558 per
407 1482 561 1558 speciem.
602 1482 722 1543 Vident
744 1482 839 1543 etiam
852 1498 877 1538 ιο

79 1597 169 1640 nunc
198 1598 259 1657 per
287 1581 457 1656 speculum
481 1580 514 1639 in
537 1581 734 1657 aenigmate:
762 1591 840 1641 ωηο

78 1688 190 1737 autem
229 1677 312 1737 iacie
348 1678 387 1737 ad
424 1677 551 1738 faciem.
602 1679 723 1738 Vident
753 1697 840 1739 nunc

79 1776 214 1851 raptim:
251 1785 328 1834 ωηο
360 1785 467 1836 autem
504 1775 667 1836 continue.
720 1777 840 1836 Vident

78 1891 167 1933 nunc
190 1873 383 1948 imperfecte
406 1884 438 1933 et
459 1875 615 1934 obscure:
638 1885 715 1934 tunc
731 1883 838 1933 autem

79 1972 166 2031 clare
190 1981 223 2031 et
244 1981 364 2046 aperte.
394 1971 515 2032 Vident
536 1989 623 2032 nunc
646 1989 740 2048 vere;
762 1971 838 2047 quia
851 1988 874 2027 15

78 2069 219 2128 credunt
240 2067 377 2128 tirmiter
398 2077 430 2128 et
449 2070 552 2129 bene:
574 2080 651 2130 tunc
667 2078 774 2130 autem
790 2068 836 2128 vi-

78 2167 203 2227 debunt
218 2167 290 2226 sine
306 2167 468 2227 velamine
484 2167 593 2227 omnia
607 2169 713 2244 plene.
743 2166 835 2227 Beati

78 2282 156 2341 ergo
180 2263 266 2324 oculi
289 2264 342 2324 isti
365 2264 420 2342 qui
438 2265 546 2325 lesum
566 2282 653 2325 nunc
669 2265 837 2324 intuentur

78 2363 113 2422 in
142 2361 268 2422 lumine
297 2360 388 2422 fidei:
417 2372 452 2422 ut
475 2372 587 2438 postea
609 2381 683 2423 eum
706 2362 837 2422 videant

78 2461 112 2520 in
135 2477 237 2538 regno
267 2477 327 2520 suo
350 2477 423 2519 cum
447 2459 571 2536 angelis
594 2460 665 2520 Dei.
710 2459 874 2519 Horumao

78 2565 187 2616 autem
205 2556 410 2617 conversatio
427 2557 525 2616 estin
541 2557 640 2617 caelis
656 2558 836 2617 secundum

77 2654 245 2730 spiritum:
268 2655 418 2730 quamvis
440 2671 577 2731 corpore
592 2664 764 2715 teneantur
785 2655 838 2714 ad·

78 2753 144 2811 huc
166 2751 200 2811 in
223 2751 329 2811 terris.

120 2849 185 2909 Sed
208 2865 295 2908 nunc
318 2849 416 2909 dicito
438 2848 518 2909 mihi
539 2849 646 2909 anima
668 2851 784 2911 devota
806 2859 838 2910 et

79 2947 197 3022 fidelis,
220 2964 303 3023 quae
319 2947 490 3008 Christum
513 2957 579 3008 toto
595 2947 714 3008 affectu
729 2948 874 3008 cordis25

79 3045 199 3121 diligis,
229 3054 261 3104 et
283 3044 409 3106 Christi
432 3045 569 3120 vestigia
591 3045 684 3122 sequi
708 3046 838 3122 niteris;

79 3140 130 3200 dic
153 3141 286 3218 inquam
312 3142 391 3202 mihi
414 3143 442 3202 si
465 3142 521 3203 tibi
545 3143 631 3218 optio
654 3144 785 3203 daretur
806 3155 838 3204 et

79 3239 237 3314 possibile
261 3239 359 3300 foret:
382 3240 415 3299 in
438 3239 524 3316 quali
548 3240 651 3300 forma
668 3240 775 3300 lesum
793 3241 838 3300 vi-

80 3337 158 3396 dere
180 3338 284 3398 velles
306 3348 338 3398 et
362 3349 501 3414 optares
545 3339 633 3417 Quid
656 3339 712 3399 tibi
736 3339 838 3416 magis

80 3432 223 3508 placeret
245 3435 272 3494 si
296 3452 370 3495 eum
387 3435 499 3497 videre
521 3436 650 3511 liceret3
672 3445 780 3496 utrum
804 3437 874 3496 inao

81 3532 250 3608 praesepio
273 3532 450 3610 iacentem,
479 3534 576 3594 auin
598 3534 705 3594 medio
728 3534 836 3593 docto·

441 3639 475 3680 ιη
697 3638 728 3680 9·
