2128 4190
86 609 130 650 ne
147 592 238 652 tarde
253 590 291 649 ad
308 592 444 650 chorum
456 589 582 665 veniat3
597 607 639 649 ne
655 608 728 650 cum
741 592 846 652 taedio

85 707 124 749 ac
136 706 218 766 vaga
229 699 339 748 mente
352 688 395 747 ibi
408 688 579 748 consistat:
594 705 637 747 ne
649 689 731 749 forte
742 689 847 749 hostis

85 785 276 863 versipellis
296 787 434 846 latenter
449 786 556 859 intret,
579 795 610 845 et
629 787 788 862 psalmum
807 787 846 847 de

84 901 156 958 ore,
180 884 231 943 vel
248 901 382 943 sensum
399 884 439 942 de
455 883 553 943 corde
568 885 672 960 tollat;
694 902 735 944 ne
751 885 846 945 meri·

85 992 157 1041 tum
186 981 288 1041 sancti
316 981 436 1041 laboris
458 998 517 1057 per
537 981 696 1041 incuriam
718 983 869 1058 perdat:s

85 1089 118 1139 et
143 1078 316 1140 Christum
339 1096 375 1138 ac
398 1079 531 1154 angelos
553 1090 684 1140 sanctos
704 1079 847 1140 offendat

85 1194 126 1235 eo
157 1177 246 1253 quod
275 1176 418 1236 debitum
446 1194 542 1236 suum
569 1178 653 1237 male
679 1177 846 1252 persolvit.

86 1275 182 1334 Haec
204 1291 262 1351 pro
285 1275 379 1334 laude
397 1287 429 1333 et
444 1283 540 1334 cantu
555 1274 714 1334 bonorum
731 1292 846 1351 puero·

84 1390 179 1433 rum:
202 1373 241 1432 ad
258 1372 459 1432 excitandam
477 1372 683 1432 devotionem
700 1372 845 1432 omnium

85 1470 328 1549 religiosorum.
857 1487 882 1528 to

129 1569 196 1630 Sed
212 1569 274 1628 iam
289 1568 427 1628 ulterius
437 1569 516 1628 libet
526 1568 689 1644 inspicere
701 1567 845 1627 habitum

86 1678 119 1728 et
142 1675 331 1743 apparatum
354 1666 488 1726 humilis
505 1666 602 1742 Regis
622 1665 725 1725 nostri
748 1683 847 1742 super

86 1765 214 1840 pullum
237 1763 348 1823 asinae
364 1764 526 1824 sedentis:
548 1764 603 1840 qui
620 1780 694 1823 cum
711 1773 798 1823 esset
813 1764 846 1823 in

87 1862 199 1922 medio
222 1862 331 1938 populi
354 1862 525 1938 gaudentis
540 1878 604 1921 non
621 1861 723 1921 risum
739 1872 847 1923 osten-

87 1960 137 2020 dit
163 1960 221 2019 sed
249 1959 347 2020 flevit.
389 1959 560 2036 Nusquam
583 1959 616 2018 in
639 1968 704 2020 tota
725 1960 847 2020 veteris
858 1979 882 2020 ιε

86 2057 290 2118 Testamenti
306 2057 422 2133 pagina
436 2057 569 2117 invenio
585 2057 726 2134 aliquem
743 2057 782 2117 de
799 2075 846 2117 re-

85 2155 185 2232 gibus
202 2155 301 2214 lsrael
324 2157 375 2214 vel
392 2156 570 2215 Ierusalem
593 2165 657 2215 tam
680 2156 847 2217 humiliter

86 2252 304 2328 equitantem:
320 2263 374 2313 aut
387 2253 459 2313 sine
470 2253 569 2313 armis
579 2253 707 2314 bellicis
718 2265 750 2314 et
760 2255 846 2315 tubis

87 2350 283 2410 sonantibus
319 2361 431 2411 contra
463 2353 576 2411 hostes
607 2363 846 2429 properantem.

87 2449 261 2525 Nusquam
285 2448 381 2509 etiam
404 2448 437 2507 in
460 2459 526 2508 tota
546 2449 612 2508 vita
635 2450 760 2511 Christi
783 2455 882 2512 taleao

86 2546 212 2622 aliquid
237 2557 365 2622 gestum
389 2547 534 2622 reperi03
563 2549 659 2623 quale
680 2564 767 2607 nunc
790 2549 846 2607 ho·

86 2643 203 2702 dierna
233 2643 285 2703 die
308 2643 455 2704 Salvator
483 2653 596 2704 noster
624 2661 732 2704 coram
759 2655 846 2706 tanta

87 2741 298 2800 multitudine
315 2741 557 2802 concinentium
570 2744 763 2819 populorum
774 2761 845 2820 ges-

87 2838 147 2899 sit:
170 2837 310 2915 ideoque
333 2840 529 2915 stupendum
552 2835 659 2901 nimis¹
673 2852 736 2902 tam
759 2842 846 2902 inso-

87 2935 165 2995 litae
195 2936 241 2995 rei
272 2936 402 2997 factum.
446 2937 577 3014 Legitur
603 2939 744 3015 denique
770 2941 881 3018 quiazs

89 3034 184 3093 lesus
207 3033 396 3110 frequenter
418 3035 483 3095 ibat
505 3053 564 3112 per
585 3038 733 3098 civitates
749 3047 780 3098 et
795 3056 845 3098 ca·

87 3132 194 3206 stella,
209 3131 424 3207 praedicando
439 3134 575 3193 verbum
593 3135 670 3195 Dei:
693 3136 789 3196 etiam
806 3154 845 3196 ex

86 3229 207 3289 itinere
229 3228 380 3305 fatigatus
398 3230 474 3307 fuit3
496 3232 554 3290 sed
570 3242 677 3292 tamen
693 3250 758 3292 non
774 3252 845 3310 per-

86 3327 173 3402 cipio
203 3327 289 3403 quod
317 3327 456 3388 alicuius
484 3329 620 3390 iumenti
650 3332 842 3409 obsequium

87 3425 151 3485 sibi
175 3425 330 3500 adhibuit,
352 3437 387 3487 ut
404 3427 608 3487 commodius
622 3428 767 3488 sederet:
791 3441 880 3490 autso

87 3523 186 3583 citius
208 3523 247 3582 ad
269 3524 376 3584 locum
393 3535 536 3600 optatum
552 3525 747 3600 perveniret.
780 3526 844 3586 Sed

446 3628 485 3669 aar
