<?xml version="1.0" encoding="UTF-8"?>
<!DOCTYPE html PUBLIC "-//W3C//DTD XHTML 1.0 Transitional//EN"
    "http://www.w3.org/TR/xhtml1/DTD/xhtml1-transitional.dtd">
<html xmlns="http://www.w3.org/1999/xhtml" xml:lang="en" lang="en">
 <head>
  <title>
</title>
<meta http-equiv="Content-Type" content="text/html;charset=utf-8" />
  <meta name='ocr-system' content='tesseract 3.04.00' />
  <meta name='ocr-capabilities' content='ocr_page ocr_carea ocr_par ocr_line ocrx_word'/>
</head>
<body>
  <div class='ocr_page' id='page_1' title='image "./thomaehemerkena01pohlgoog_0356.png"; bbox 0 0 2118 4186; ppageno 0'>
   <div class='ocr_carea' id='block_1_1' title="bbox 92 518 892 2534">
    <p class='ocr_par' dir='ltr' id='par_1_1' title="bbox 92 518 892 2534">
     <span class='ocr_line' id='line_1_1' title="bbox 94 518 854 597; baseline -0.003 -17"><span class='ocrx_word' id='word_1_1' title='bbox 94 531 189 580; x_wconf 84' lang='lat' dir='ltr'>ratus</span> <span class='ocrx_word' id='word_1_2' title='bbox 204 537 277 580; x_wconf 90' lang='lat' dir='ltr'>sum</span> <span class='ocrx_word' id='word_1_3' title='bbox 293 537 352 597; x_wconf 90' lang='lat' dir='ltr'>per</span> <span class='ocrx_word' id='word_1_4' title='bbox 366 536 477 579; x_wconf 87' lang='lat' dir='ltr'>veram</span> <span class='ocrx_word' id='word_1_5' title='bbox 493 518 742 593; x_wconf 86' lang='lat' dir='ltr'>oboedientiam,</span> <span class='ocrx_word' id='word_1_6' title='bbox 758 535 854 595; x_wconf 88' lang='lat' dir='ltr'>quam</span> 
     </span>
     <span class='ocr_line' id='line_1_2' title="bbox 93 615 854 694; baseline -0.004 -16"><span class='ocrx_word' id='word_1_7' title='bbox 93 619 156 678; x_wconf 92' lang='lat' dir='ltr'>tibi</span> <span class='ocrx_word' id='word_1_8' title='bbox 172 618 205 678; x_wconf 95' lang='lat' dir='ltr'>in</span> <span class='ocrx_word' id='word_1_9' title='bbox 221 619 364 694; x_wconf 87' lang='lat' dir='ltr'>praelato</span> <span class='ocrx_word' id='word_1_10' title='bbox 376 633 449 676; x_wconf 91' lang='lat' dir='ltr'>meo</span> <span class='ocrx_word' id='word_1_11' title='bbox 460 627 577 676; x_wconf 89' lang='lat' dir='ltr'>teneor</span> <span class='ocrx_word' id='word_1_12' title='bbox 586 616 751 676; x_wconf 86' lang='lat' dir='ltr'>exhibere.</span> <span class='ocrx_word' id='word_1_13' title='bbox 777 615 854 675; x_wconf 89' lang='lat' dir='ltr'>Eius</span> 
     </span>
     <span class='ocr_line' id='line_1_3' title="bbox 95 713 855 790; baseline -0.005 -14"><span class='ocrx_word' id='word_1_14' title='bbox 95 715 187 776; x_wconf 88' lang='lat' dir='ltr'>enim</span> <span class='ocrx_word' id='word_1_15' title='bbox 217 715 289 775; x_wconf 93' lang='lat' dir='ltr'>voci</span> <span class='ocrx_word' id='word_1_16' title='bbox 319 732 393 776; x_wconf 90' lang='lat' dir='ltr'>cum</span> <span class='ocrx_word' id='word_1_17' title='bbox 423 714 578 790; x_wconf 91' lang='lat' dir='ltr'>oboedio‚</span> <span class='ocrx_word' id='word_1_18' title='bbox 608 714 664 774; x_wconf 85' lang='lat' dir='ltr'>tibi</span> <span class='ocrx_word' id='word_1_19' title='bbox 695 713 855 774; x_wconf 88' lang='lat' dir='ltr'>veraciter</span> 
     </span>
     <span class='ocr_line' id='line_1_4' title="bbox 95 812 853 891; baseline -0.005 -18"><span class='ocrx_word' id='word_1_20' title='bbox 95 813 248 874; x_wconf 91' lang='lat' dir='ltr'>oboedio.</span> <span class='ocrx_word' id='word_1_21' title='bbox 292 815 375 891; x_wconf 85' lang='lat' dir='ltr'>Ergo</span> <span class='ocrx_word' id='word_1_22' title='bbox 404 812 493 873; x_wconf 89' lang='lat' dir='ltr'>illius</span> <span class='ocrx_word' id='word_1_23' title='bbox 518 812 668 872; x_wconf 88' lang='lat' dir='ltr'>manibus</span> <span class='ocrx_word' id='word_1_24' title='bbox 690 821 853 887; x_wconf 84' lang='lat' dir='ltr'><strong>tamquam</strong></span> 
     </span>
     <span class='ocr_line' id='line_1_5' title="bbox 94 910 876 986; baseline -0.001 -17"><span class='ocrx_word' id='word_1_25' title='bbox 94 911 255 986; x_wconf 88' lang='lat' dir='ltr'>parvulus</span> <span class='ocrx_word' id='word_1_26' title='bbox 277 910 310 970; x_wconf 95' lang='lat' dir='ltr'>in</span> <span class='ocrx_word' id='word_1_27' title='bbox 327 910 462 972; x_wconf 90' lang='lat' dir='ltr'>Christo</span> <span class='ocrx_word' id='word_1_28' title='bbox 478 920 621 986; x_wconf 85' lang='lat' dir='ltr'>renatus,</span> <span class='ocrx_word' id='word_1_29' title='bbox 643 910 697 986; x_wconf 89' lang='lat' dir='ltr'>qai</span> <span class='ocrx_word' id='word_1_30' title='bbox 720 927 757 969; x_wconf 90' lang='lat' dir='ltr'>se</span> <span class='ocrx_word' id='word_1_31' title='bbox 779 910 876 984; x_wconf 82' lang='lat' dir='ltr'>bap-5</span> 
     </span>
     <span class='ocr_line' id='line_1_6' title="bbox 94 1007 854 1082; baseline -0.003 -14"><span class='ocrx_word' id='word_1_32' title='bbox 94 1007 194 1068; x_wconf 88' lang='lat' dir='ltr'>tistae</span> <span class='ocrx_word' id='word_1_33' title='bbox 223 1007 274 1067; x_wconf 89' lang='lat' dir='ltr'>sui</span> <span class='ocrx_word' id='word_1_34' title='bbox 304 1007 455 1067; x_wconf 85' lang='lat' dir='ltr'>manibus</span> <span class='ocrx_word' id='word_1_35' title='bbox 483 1007 651 1067; x_wconf 91' lang='lat' dir='ltr'>humiliter</span> <span class='ocrx_word' id='word_1_36' title='bbox 676 1007 854 1082; x_wconf 88' lang='lat' dir='ltr'>inclinavit,</span> 
     </span>
     <span class='ocr_line' id='line_1_7' title="bbox 92 1105 854 1182; baseline -0.003 -17"><span class='ocrx_word' id='word_1_37' title='bbox 92 1105 346 1182; x_wconf 88' lang='lat' dir='ltr'>gubernandum</span> <span class='ocrx_word' id='word_1_38' title='bbox 362 1121 414 1164; x_wconf 92' lang='lat' dir='ltr'>me</span> <span class='ocrx_word' id='word_1_39' title='bbox 428 1105 594 1164; x_wconf 88' lang='lat' dir='ltr'>submitto.</span> <span class='ocrx_word' id='word_1_40' title='bbox 619 1105 765 1164; x_wconf 86' lang='lat' dir='ltr'>Fratrum</span> <span class='ocrx_word' id='word_1_41' title='bbox 776 1121 854 1181; x_wconf 90' lang='lat' dir='ltr'>quo-</span> 
     </span>
     <span class='ocr_line' id='line_1_8' title="bbox 93 1202 856 1280; baseline 0 -18"><span class='ocrx_word' id='word_1_42' title='bbox 93 1219 163 1280; x_wconf 89' lang='lat' dir='ltr'>que</span> <span class='ocrx_word' id='word_1_43' title='bbox 186 1219 334 1262; x_wconf 93' lang='lat' dir='ltr'>meorum</span> <span class='ocrx_word' id='word_1_44' title='bbox 351 1202 498 1262; x_wconf 91' lang='lat' dir='ltr'>consiliis</span> <span class='ocrx_word' id='word_1_45' title='bbox 521 1212 552 1262; x_wconf 87' lang='lat' dir='ltr'>et</span> <span class='ocrx_word' id='word_1_46' title='bbox 567 1202 775 1262; x_wconf 84' lang='lat' dir='ltr'>sermonibus</span> <span class='ocrx_word' id='word_1_47' title='bbox 790 1211 856 1262; x_wconf 91' lang='lat' dir='ltr'>tota</span> 
     </span>
     <span class='ocr_line' id='line_1_9' title="bbox 94 1298 855 1375; baseline -0.001 -15"><span class='ocrx_word' id='word_1_48' title='bbox 94 1300 282 1360; x_wconf 89' lang='lat' dir='ltr'>humilitate</span> <span class='ocrx_word' id='word_1_49' title='bbox 312 1309 343 1359; x_wconf 91' lang='lat' dir='ltr'>et</span> <span class='ocrx_word' id='word_1_50' title='bbox 365 1299 417 1374; x_wconf 89' lang='lat' dir='ltr'>pia</span> <span class='ocrx_word' id='word_1_51' title='bbox 439 1298 571 1360; x_wconf 88' lang='lat' dir='ltr'>caritate</span> <span class='ocrx_word' id='word_1_52' title='bbox 597 1299 703 1360; x_wconf 88' lang='lat' dir='ltr'>libens</span> <span class='ocrx_word' id='word_1_53' title='bbox 725 1300 855 1375; x_wconf 89' lang='lat' dir='ltr'>parebo,</span> 
     </span>
     <span class='ocr_line' id='line_1_10' title="bbox 94 1397 891 1474; baseline -0.003 -17"><span class='ocrx_word' id='word_1_54' title='bbox 94 1415 183 1474; x_wconf 91' lang='lat' dir='ltr'>quos</span> <span class='ocrx_word' id='word_1_55' title='bbox 215 1397 369 1458; x_wconf 89' lang='lat' dir='ltr'>nimirum</span> <span class='ocrx_word' id='word_1_56' title='bbox 401 1397 582 1457; x_wconf 86' lang='lat' dir='ltr'>sanctiores</span> <span class='ocrx_word' id='word_1_57' title='bbox 613 1407 645 1456; x_wconf 93' lang='lat' dir='ltr'>et</span> <span class='ocrx_word' id='word_1_58' title='bbox 676 1398 771 1474; x_wconf 86' lang='lat' dir='ltr'>longe</span> <span class='ocrx_word' id='word_1_59' title='bbox 802 1413 855 1456; x_wconf 96' lang='lat' dir='ltr'>me</span> <span class='ocrx_word' id='word_1_60' title='bbox 866 1414 891 1455; x_wconf 89' lang='lat' dir='ltr'>ro</span> 
     </span>
     <span class='ocr_line' id='line_1_11' title="bbox 94 1495 855 1571; baseline -0.001 -16"><span class='ocrx_word' id='word_1_61' title='bbox 94 1495 316 1570; x_wconf 84' lang='lat' dir='ltr'>sapientiores</span> <span class='ocrx_word' id='word_1_62' title='bbox 345 1495 541 1571; x_wconf 86' lang='lat' dir='ltr'>intellegens</span> <span class='ocrx_word' id='word_1_63' title='bbox 571 1495 642 1554; x_wconf 89' lang='lat' dir='ltr'>iure</span> <span class='ocrx_word' id='word_1_64' title='bbox 674 1511 766 1555; x_wconf 86' lang='lat' dir='ltr'>meae</span> <span class='ocrx_word' id='word_1_65' title='bbox 797 1495 855 1554; x_wconf 96' lang='lat' dir='ltr'>im-</span> 
     </span>
     <span class='ocr_line' id='line_1_12' title="bbox 94 1591 855 1671; baseline -0.004 -17"><span class='ocrx_word' id='word_1_66' title='bbox 94 1593 293 1671; x_wconf 89' lang='lat' dir='ltr'>perfectioni</span> <span class='ocrx_word' id='word_1_67' title='bbox 326 1593 485 1668; x_wconf 88' lang='lat' dir='ltr'>praefero.</span> <span class='ocrx_word' id='word_1_68' title='bbox 536 1591 607 1652; x_wconf 90' lang='lat' dir='ltr'>Tibi</span> <span class='ocrx_word' id='word_1_69' title='bbox 638 1601 746 1653; x_wconf 89' lang='lat' dir='ltr'>autem</span> <span class='ocrx_word' id='word_1_70' title='bbox 781 1609 855 1652; x_wconf 88' lang='lat' dir='ltr'>ean-</span> 
     </span>
     <span class='ocr_line' id='line_1_13' title="bbox 95 1689 855 1767; baseline -0.004 -16"><span class='ocrx_word' id='word_1_71' title='bbox 95 1693 174 1752; x_wconf 91' lang='lat' dir='ltr'>dem</span> <span class='ocrx_word' id='word_1_72' title='bbox 191 1689 474 1767; x_wconf 81' lang='lat' dir='ltr'>imperfectionem</span> <span class='ocrx_word' id='word_1_73' title='bbox 490 1706 595 1749; x_wconf 90' lang='lat' dir='ltr'>meam</span> <span class='ocrx_word' id='word_1_74' title='bbox 608 1689 768 1767; x_wconf 83' lang='lat' dir='ltr'>cognitam</span> <span class='ocrx_word' id='word_1_75' title='bbox 780 1706 855 1749; x_wconf 90' lang='lat' dir='ltr'>esse</span> 
     </span>
     <span class='ocr_line' id='line_1_14' title="bbox 95 1787 855 1863; baseline -0.004 -14"><span class='ocrx_word' id='word_1_76' title='bbox 95 1789 210 1849; x_wconf 91' lang='lat' dir='ltr'>sciens</span> <span class='ocrx_word' id='word_1_77' title='bbox 246 1788 280 1847; x_wconf 93' lang='lat' dir='ltr'>in</span> <span class='ocrx_word' id='word_1_78' title='bbox 310 1787 493 1847; x_wconf 85' lang='lat' dir='ltr'>defectibus</span> <span class='ocrx_word' id='word_1_79' title='bbox 525 1804 577 1847; x_wconf 92' lang='lat' dir='ltr'>me</span> <span class='ocrx_word' id='word_1_80' title='bbox 609 1804 727 1846; x_wconf 89' lang='lat' dir='ltr'>accuso</span> <span class='ocrx_word' id='word_1_81' title='bbox 759 1797 855 1863; x_wconf 88' lang='lat' dir='ltr'>atque</span> 
     </span>
     <span class='ocr_line' id='line_1_15' title="bbox 95 1885 891 1946; baseline -0.004 0"><span class='ocrx_word' id='word_1_82' title='bbox 95 1885 241 1946; x_wconf 86' lang='lat' dir='ltr'>sanioris</span> <span class='ocrx_word' id='word_1_83' title='bbox 273 1886 512 1946; x_wconf 88' lang='lat' dir='ltr'>emendationis</span> <span class='ocrx_word' id='word_1_84' title='bbox 543 1885 725 1946; x_wconf 91' lang='lat' dir='ltr'>remedium</span> <span class='ocrx_word' id='word_1_85' title='bbox 756 1885 891 1944; x_wconf 83' lang='lat' dir='ltr'>multars</span> 
     </span>
     <span class='ocr_line' id='line_1_16' title="bbox 97 1981 856 2059; baseline -0.003 -16"><span class='ocrx_word' id='word_1_86' title='bbox 97 1983 297 2044; x_wconf 91' lang='lat' dir='ltr'>contritione</span> <span class='ocrx_word' id='word_1_87' title='bbox 319 2001 337 2044; x_wconf 88' lang='lat' dir='ltr'>a</span> <span class='ocrx_word' id='word_1_88' title='bbox 358 1994 390 2043; x_wconf 90' lang='lat' dir='ltr'>te</span> <span class='ocrx_word' id='word_1_89' title='bbox 406 2000 564 2059; x_wconf 86' lang='lat' dir='ltr'>exposco:</span> <span class='ocrx_word' id='word_1_90' title='bbox 587 1993 747 2059; x_wconf 89' lang='lat' dir='ltr'>quatenus</span> <span class='ocrx_word' id='word_1_91' title='bbox 766 1981 856 2042; x_wconf 93' lang='lat' dir='ltr'>beni·</span> 
     </span>
     <span class='ocr_line' id='line_1_17' title="bbox 96 2079 856 2156; baseline -0.003 -16"><span class='ocrx_word' id='word_1_92' title='bbox 96 2080 328 2141; x_wconf 88' lang='lat' dir='ltr'>valentissima</span> <span class='ocrx_word' id='word_1_93' title='bbox 347 2097 463 2140; x_wconf 85' lang='lat' dir='ltr'>manus</span> <span class='ocrx_word' id='word_1_94' title='bbox 478 2090 542 2156; x_wconf 89' lang='lat' dir='ltr'>tua,</span> <span class='ocrx_word' id='word_1_95' title='bbox 564 2097 647 2156; x_wconf 89' lang='lat' dir='ltr'>quae</span> <span class='ocrx_word' id='word_1_96' title='bbox 663 2096 793 2140; x_wconf 89' lang='lat' dir='ltr'>omnem</span> <span class='ocrx_word' id='word_1_97' title='bbox 809 2079 856 2138; x_wconf 94' lang='lat' dir='ltr'>in-</span> 
     </span>
     <span class='ocr_line' id='line_1_18' title="bbox 98 2177 855 2253; baseline -0.004 -14"><span class='ocrx_word' id='word_1_98' title='bbox 98 2179 287 2239; x_wconf 73' lang='lat' dir='ltr'>firmitatem</span> <span class='ocrx_word' id='word_1_99' title='bbox 310 2190 401 2239; x_wconf 87' lang='lat' dir='ltr'>curat</span> <span class='ocrx_word' id='word_1_100' title='bbox 430 2190 462 2239; x_wconf 92' lang='lat' dir='ltr'>et</span> <span class='ocrx_word' id='word_1_101' title='bbox 483 2194 614 2238; x_wconf 91' lang='lat' dir='ltr'>omnem</span> <span class='ocrx_word' id='word_1_102' title='bbox 643 2177 855 2253; x_wconf 91' lang='lat' dir='ltr'>impotentem</span> 
     </span>
     <span class='ocr_line' id='line_1_19' title="bbox 97 2276 857 2353; baseline -0.001 -17"><span class='ocrx_word' id='word_1_103' title='bbox 97 2277 241 2352; x_wconf 89' lang='lat' dir='ltr'>roborat,</span> <span class='ocrx_word' id='word_1_104' title='bbox 256 2292 362 2337; x_wconf 88' lang='lat' dir='ltr'>meam</span> <span class='ocrx_word' id='word_1_105' title='bbox 378 2276 589 2353; x_wconf 85' lang='lat' dir='ltr'>indigentiam</span> <span class='ocrx_word' id='word_1_106' title='bbox 605 2293 670 2336; x_wconf 93' lang='lat' dir='ltr'>non</span> <span class='ocrx_word' id='word_1_107' title='bbox 686 2276 857 2353; x_wconf 88' lang='lat' dir='ltr'>relinquat.</span> 
     </span>
     <span class='ocr_line' id='line_1_20' title="bbox 99 2375 892 2434; baseline -0.003 0"><span class='ocrx_word' id='word_1_108' title='bbox 99 2375 166 2434; x_wconf 91' lang='lat' dir='ltr'>Per</span> <span class='ocrx_word' id='word_1_109' title='bbox 194 2375 335 2434; x_wconf 86' lang='lat' dir='ltr'>eundem</span> <span class='ocrx_word' id='word_1_110' title='bbox 365 2375 542 2434; x_wconf 87' lang='lat' dir='ltr'>Dominum</span> <span class='ocrx_word' id='word_1_111' title='bbox 572 2383 720 2434; x_wconf 88' lang='lat' dir='ltr'>nostrum</span> <span class='ocrx_word' id='word_1_112' title='bbox 748 2375 892 2433; x_wconf 82' lang='lat' dir='ltr'>lesumao</span> 
     </span>
     <span class='ocr_line' id='line_1_21' title="bbox 98 2471 284 2534; baseline -0.011 0"><span class='ocrx_word' id='word_1_113' title='bbox 98 2471 284 2534; x_wconf 90' lang='lat' dir='ltr'>Christum.</span> 
     </span>
    </p>
   </div>
   <div class='ocr_carea' id='block_1_2' title="bbox 465 2605 496 2652">
    <p class='ocr_par' dir='ltr' id='par_1_2' title="bbox 465 2605 496 2652">
     <span class='ocr_line' id='line_1_22' title="bbox 465 2605 496 2652; baseline 0 0"><span class='ocrx_word' id='word_1_114' title='bbox 465 2605 496 2652; x_wconf 87' lang='lat'>11.</span> 
     </span>
    </p>
   </div>
   <div class='ocr_carea' id='block_1_3' title="bbox 148 2711 813 2884">
    <p class='ocr_par' dir='ltr' id='par_1_3' title="bbox 148 2711 813 2884">
     <span class='ocr_line' id='line_1_23' title="bbox 148 2711 813 2773; baseline 0.002 -2"><span class='ocrx_word' id='word_1_115' title='bbox 148 2711 259 2772; x_wconf 86' lang='lat' dir='ltr'>Oratio</span> <span class='ocrx_word' id='word_1_116' title='bbox 281 2711 320 2771; x_wconf 84' lang='lat' dir='ltr'>de</span> <span class='ocrx_word' id='word_1_117' title='bbox 342 2713 560 2773; x_wconf 81' lang='lat' dir='ltr'>recordatione</span> <span class='ocrx_word' id='word_1_118' title='bbox 580 2717 612 2772; x_wconf 88' lang='lat' dir='ltr'>et</span> <span class='ocrx_word' id='word_1_119' title='bbox 633 2713 813 2773; x_wconf 81' lang='lat' dir='ltr'>imitatione</span> 
     </span>
     <span class='ocr_line' id='line_1_24' title="bbox 288 2810 670 2884; baseline 0.005 -15"><span class='ocrx_word' id='word_1_120' title='bbox 288 2810 453 2884; x_wconf 86' lang='lat' dir='ltr'>passionis</span> <span class='ocrx_word' id='word_1_121' title='bbox 473 2811 670 2871; x_wconf 85' lang='lat' dir='ltr'>Dominicae.</span> 
     </span>
    </p>
   </div>
   <div class='ocr_carea' id='block_1_4' title="bbox 98 2906 893 3125">
    <p class='ocr_par' dir='ltr' id='par_1_4' title="bbox 98 2906 893 3125">
     <span class='ocr_line' id='line_1_25' title="bbox 98 2906 893 3125; baseline -0.008 -102"><span class='ocrx_word' id='word_1_122' title='bbox 98 2906 336 3125; x_wconf 37' lang='lat' dir='ltr'>&amp;Omine</span> <span class='ocrx_word' id='word_1_123' title='bbox 351 2963 425 3023; x_wconf 85' lang='lat' dir='ltr'>lesu</span> <span class='ocrx_word' id='word_1_124' title='bbox 443 2963 587 3038; x_wconf 89' lang='lat' dir='ltr'>Christe,</span> <span class='ocrx_word' id='word_1_125' title='bbox 602 2964 657 3040; x_wconf 89' lang='lat' dir='ltr'>qui</span> <span class='ocrx_word' id='word_1_126' title='bbox 674 2981 731 3040; x_wconf 92' lang='lat' dir='ltr'>pro</span> <span class='ocrx_word' id='word_1_127' title='bbox 747 2971 893 3022; x_wconf 84' lang='lat' dir='ltr'>nostraas</span> 
     </span>
    </p>
   </div>
   <div class='ocr_carea' id='block_1_5' title="bbox 100 3017 858 3138">
    <p class='ocr_par' dir='ltr' id='par_1_5' title="bbox 100 3017 858 3138">
     <span class='ocr_line' id='line_1_26' title="bbox 100 3017 858 3138; baseline -0.001 -18"><span class='ocrx_word' id='word_1_128' title='bbox 100 3017 114 3102; x_wconf 46' lang='grc' dir='ltr'>ᾗ</span> <span class='ocrx_word' id='word_1_129' title='bbox 235 3061 339 3120; x_wconf 89' lang='lat' dir='ltr'>salute</span> <span class='ocrx_word' id='word_1_130' title='bbox 362 3061 444 3136; x_wconf 86' lang='lat' dir='ltr'>pati,</span> <span class='ocrx_word' id='word_1_131' title='bbox 473 3061 617 3138; x_wconf 87' lang='lat' dir='ltr'>crucifigi</span> <span class='ocrx_word' id='word_1_132' title='bbox 640 3079 677 3121; x_wconf 89' lang='lat' dir='ltr'>ac</span> <span class='ocrx_word' id='word_1_133' title='bbox 699 3061 781 3122; x_wconf 94' lang='lat' dir='ltr'>mori</span> <span class='ocrx_word' id='word_1_134' title='bbox 804 3077 858 3120; x_wconf 90' lang='lat' dir='ltr'>ve·</span> 
     </span>
    </p>
   </div>
   <div class='ocr_carea' id='block_1_6' title="bbox 98 3158 858 3429">
    <p class='ocr_par' dir='ltr' id='par_1_6' title="bbox 98 3158 858 3429">
     <span class='ocr_line' id='line_1_27' title="bbox 98 3158 857 3235; baseline -0.001 -16"><span class='ocrx_word' id='word_1_135' title='bbox 98 3159 196 3234; x_wconf 86' lang='lat' dir='ltr'>nisti,</span> <span class='ocrx_word' id='word_1_136' title='bbox 223 3159 262 3218; x_wconf 85' lang='lat' dir='ltr'>da</span> <span class='ocrx_word' id='word_1_137' title='bbox 283 3158 363 3218; x_wconf 93' lang='lat' dir='ltr'>mihi</span> <span class='ocrx_word' id='word_1_138' title='bbox 387 3160 573 3235; x_wconf 89' lang='lat' dir='ltr'>passionem</span> <span class='ocrx_word' id='word_1_139' title='bbox 596 3169 683 3220; x_wconf 87' lang='lat' dir='ltr'>tuam</span> <span class='ocrx_word' id='word_1_140' title='bbox 706 3159 857 3219; x_wconf 90' lang='lat' dir='ltr'>doloroso</span> 
     </span>
     <span class='ocr_line' id='line_1_28' title="bbox 99 3256 858 3334; baseline -0.001 -18"><span class='ocrx_word' id='word_1_141' title='bbox 99 3256 200 3317; x_wconf 91' lang='lat' dir='ltr'>corde</span> <span class='ocrx_word' id='word_1_142' title='bbox 231 3256 363 3331; x_wconf 89' lang='lat' dir='ltr'>saepius</span> <span class='ocrx_word' id='word_1_143' title='bbox 393 3256 595 3334; x_wconf 87' lang='lat' dir='ltr'>percogitare</span> <span class='ocrx_word' id='word_1_144' title='bbox 624 3267 655 3316; x_wconf 86' lang='lat' dir='ltr'>et</span> <span class='ocrx_word' id='word_1_145' title='bbox 684 3273 755 3316; x_wconf 88' lang='lat' dir='ltr'>eam</span> <span class='ocrx_word' id='word_1_146' title='bbox 783 3272 858 3316; x_wconf 95' lang='lat' dir='ltr'>con-</span> 
     </span>
     <span class='ocr_line' id='line_1_29' title="bbox 99 3352 857 3429; baseline -0.003 -15"><span class='ocrx_word' id='word_1_147' title='bbox 99 3363 226 3414; x_wconf 89' lang='lat' dir='ltr'>stanter</span> <span class='ocrx_word' id='word_1_148' title='bbox 247 3370 345 3429; x_wconf 91' lang='lat' dir='ltr'>posse</span> <span class='ocrx_word' id='word_1_149' title='bbox 367 3352 496 3413; x_wconf 88' lang='lat' dir='ltr'>imitari.</span> <span class='ocrx_word' id='word_1_150' title='bbox 538 3356 603 3429; x_wconf 87' lang='lat' dir='ltr'>Da,</span> <span class='ocrx_word' id='word_1_151' title='bbox 626 3363 676 3429; x_wconf 90' lang='lat' dir='ltr'>ut,</span> <span class='ocrx_word' id='word_1_152' title='bbox 700 3352 857 3429; x_wconf 89' lang='lat' dir='ltr'>quidquid</span> 
     </span>
    </p>
   </div>
   <div class='ocr_carea' id='block_1_7' title="bbox 99 3449 893 3597">
    <p class='ocr_par' dir='ltr' id='par_1_7' title="bbox 99 3449 893 3597">
     <span class='ocr_line' id='line_1_30' title="bbox 99 3449 893 3527; baseline -0.004 -16"><span class='ocrx_word' id='word_1_153' title='bbox 99 3450 325 3524; x_wconf 78' lang='lat' dir='ltr'>adversitatiS,</span> <span class='ocrx_word' id='word_1_154' title='bbox 352 3450 518 3527; x_wconf 87' lang='lat' dir='ltr'>gravitatis</span> <span class='ocrx_word' id='word_1_155' title='bbox 540 3453 592 3512; x_wconf 92' lang='lat' dir='ltr'>vel</span> <span class='ocrx_word' id='word_1_156' title='bbox 616 3449 754 3510; x_wconf 87' lang='lat' dir='ltr'>iniuriae</span> <span class='ocrx_word' id='word_1_157' title='bbox 777 3449 893 3509; x_wconf 79' lang='lat' dir='ltr'>mihiao</span> 
     </span>
     <span class='ocr_line' id='line_1_31' title="bbox 460 3554 750 3597; baseline -0.007 0"><span class='ocrx_word' id='word_1_158' title='bbox 460 3557 501 3597; x_wconf 80' lang='lat' dir='ltr'>aaa</span> <span class='ocrx_word' id='word_1_159' title='bbox 706 3554 750 3595; x_wconf 84' lang='lat'>22·</span> 
     </span>
    </p>
   </div>
   <div class='ocr_carea' id='block_1_8' title="bbox 0 0 1070 4186">
    <p class='ocr_par' dir='ltr' id='par_1_8' title="bbox 0 0 1070 4186">
     <span class='ocr_line' id='line_1_32' title="bbox 0 0 1070 4186; baseline 0 0"><span class='ocrx_word' id='word_1_160' title='bbox 0 0 1070 4186; x_wconf 95' lang='lat' dir='ltr'> </span> 
     </span>
    </p>
   </div>
  </div>
 </body>
</html>
