<?xml version="1.0" encoding="UTF-8"?>
<!DOCTYPE html PUBLIC "-//W3C//DTD XHTML 1.0 Transitional//EN"
    "http://www.w3.org/TR/xhtml1/DTD/xhtml1-transitional.dtd">
<html xmlns="http://www.w3.org/1999/xhtml" xml:lang="en" lang="en">
 <head>
  <title>
</title>
<meta http-equiv="Content-Type" content="text/html;charset=utf-8" />
  <meta name='ocr-system' content='tesseract 3.04.00' />
  <meta name='ocr-capabilities' content='ocr_page ocr_carea ocr_par ocr_line ocrx_word'/>
</head>
<body>
  <div class='ocr_page' id='page_1' title='image "./thomaehemerkena01pohlgoog_0174.png"; bbox 0 0 2144 4194; ppageno 0'>
   <div class='ocr_carea' id='block_1_1' title="bbox 65 451 840 512">
    <p class='ocr_par' dir='ltr' id='par_1_1' title="bbox 65 451 840 512">
     <span class='ocr_line' id='line_1_1' title="bbox 65 451 840 512; baseline -0.006 1"><span class='ocrx_word' id='word_1_1' title='bbox 65 457 402 512; x_wconf 51' lang='lat' dir='ltr'>mmm</span> <span class='ocrx_word' id='word_1_2' title='bbox 437 455 481 506; x_wconf 87' lang='lat'>[¹⁶]</span> <span class='ocrx_word' id='word_1_3' title='bbox 516 451 840 509; x_wconf 56' lang='lat' dir='ltr'>fflfflfflfflffl</span> 
     </span>
    </p>
   </div>
   <div class='ocr_carea' id='block_1_2' title="bbox 67 587 875 3501">
    <p class='ocr_par' dir='ltr' id='par_1_2' title="bbox 67 587 875 3501">
     <span class='ocr_line' id='line_1_2' title="bbox 68 587 839 667; baseline 0.006 -21"><span class='ocrx_word' id='word_1_4' title='bbox 68 587 176 647; x_wconf 89' lang='lat' dir='ltr'>saluti</span> <span class='ocrx_word' id='word_1_5' title='bbox 209 597 285 648; x_wconf 88' lang='lat' dir='ltr'>tuae</span> <span class='ocrx_word' id='word_1_6' title='bbox 314 587 463 649; x_wconf 89' lang='lat' dir='ltr'>consulit.</span> <span class='ocrx_word' id='word_1_7' title='bbox 505 588 609 649; x_wconf 81' lang='lat' dir='ltr'>Amor</span> <span class='ocrx_word' id='word_1_8' title='bbox 634 591 745 651; x_wconf 93' lang='lat' dir='ltr'>mundi</span> <span class='ocrx_word' id='word_1_9' title='bbox 769 608 839 667; x_wconf 93' lang='lat' dir='ltr'>per-</span> 
     </span>
     <span class='ocr_line' id='line_1_3' title="bbox 67 685 840 764; baseline 0.006 -20"><span class='ocrx_word' id='word_1_10' title='bbox 67 685 173 746; x_wconf 91' lang='lat' dir='ltr'>ditio:</span> <span class='ocrx_word' id='word_1_11' title='bbox 191 702 287 745; x_wconf 91' lang='lat' dir='ltr'>amor</span> <span class='ocrx_word' id='word_1_12' title='bbox 303 686 377 745; x_wconf 89' lang='lat' dir='ltr'>lesu</span> <span class='ocrx_word' id='word_1_13' title='bbox 388 685 515 746; x_wconf 86' lang='lat' dir='ltr'>animae</span> <span class='ocrx_word' id='word_1_14' title='bbox 526 687 715 764; x_wconf 87' lang='lat' dir='ltr'><strong>redemptio.</strong></span> <span class='ocrx_word' id='word_1_15' title='bbox 738 688 840 749; x_wconf 78' lang='lat' dir='ltr'>Amor</span> 
     </span>
     <span class='ocr_line' id='line_1_4' title="bbox 69 783 840 860; baseline 0.005 -18"><span class='ocrx_word' id='word_1_16' title='bbox 69 783 717 860; x_wconf 87' lang='lat' dir='ltr'>carnisstultitia:amorlesusapientia.</span> <span class='ocrx_word' id='word_1_17' title='bbox 738 786 840 846; x_wconf 79' lang='lat' dir='ltr'>Amor</span> 
     </span>
     <span class='ocr_line' id='line_1_5' title="bbox 70 881 840 945; baseline 0.004 -5"><span class='ocrx_word' id='word_1_18' title='bbox 70 891 251 941; x_wconf 82' lang='lat' dir='ltr'><strong>creaturae</strong></span> <span class='ocrx_word' id='word_1_19' title='bbox 262 881 378 941; x_wconf 91' lang='lat' dir='ltr'>minuit</span> <span class='ocrx_word' id='word_1_20' title='bbox 389 881 557 943; x_wconf 90' lang='lat' dir='ltr'>Creatoris</span> <span class='ocrx_word' id='word_1_21' title='bbox 572 901 732 945; x_wconf 87' lang='lat' dir='ltr'>amorem:</span> <span class='ocrx_word' id='word_1_22' title='bbox 749 901 840 944; x_wconf 90' lang='lat' dir='ltr'>amor</span> 
     </span>
     <span class='ocr_line' id='line_1_6' title="bbox 71 978 862 1042; baseline 0 -3"><span class='ocrx_word' id='word_1_23' title='bbox 71 978 254 1040; x_wconf 88' lang='lat' dir='ltr'>Creatoris</span> <span class='ocrx_word' id='word_1_24' title='bbox 276 980 328 1039; x_wconf 89' lang='lat' dir='ltr'>dat</span> <span class='ocrx_word' id='word_1_25' title='bbox 349 980 502 1040; x_wconf 93' lang='lat' dir='ltr'>omnibus</span> <span class='ocrx_word' id='word_1_26' title='bbox 518 981 676 1042; x_wconf 84' lang='lat' dir='ltr'>creaturis</span> <span class='ocrx_word' id='word_1_27' title='bbox 698 982 862 1042; x_wconf 84' lang='lat' dir='ltr'>abeundis</span> 
     </span>
     <span class='ocr_line' id='line_1_7' title="bbox 70 1076 838 1154; baseline 0.005 -19"><span class='ocrx_word' id='word_1_28' title='bbox 70 1076 257 1139; x_wconf 83' lang='lat' dir='ltr'>licentiam.</span> <span class='ocrx_word' id='word_1_29' title='bbox 287 1076 361 1136; x_wconf 91' lang='lat' dir='ltr'>Non</span> <span class='ocrx_word' id='word_1_30' title='bbox 378 1076 464 1136; x_wconf 92' lang='lat' dir='ltr'>enim</span> <span class='ocrx_word' id='word_1_31' title='bbox 481 1077 600 1138; x_wconf 83' lang='lat' dir='ltr'>similia</span> <span class='ocrx_word' id='word_1_32' title='bbox 615 1079 761 1154; x_wconf 88' lang='lat' dir='ltr'>sapiunt:</span> <span class='ocrx_word' id='word_1_33' title='bbox 777 1096 838 1139; x_wconf 93' lang='lat' dir='ltr'>nec</span> 
     </span>
     <span class='ocr_line' id='line_1_8' title="bbox 72 1174 838 1251; baseline 0.005 -18"><span class='ocrx_word' id='word_1_34' title='bbox 72 1174 199 1234; x_wconf 92' lang='lat' dir='ltr'>merito</span> <span class='ocrx_word' id='word_1_35' title='bbox 223 1174 431 1234; x_wconf 90' lang='lat' dir='ltr'>conveniunt.</span> <span class='ocrx_word' id='word_1_36' title='bbox 460 1174 563 1235; x_wconf 81' lang='lat' dir='ltr'>Amor</span> <span class='ocrx_word' id='word_1_37' title='bbox 578 1176 639 1250; x_wconf 90' lang='lat' dir='ltr'>sui,</span> <span class='ocrx_word' id='word_1_38' title='bbox 660 1177 779 1251; x_wconf 92' lang='lat' dir='ltr'>plenus</span> <span class='ocrx_word' id='word_1_39' title='bbox 800 1177 838 1237; x_wconf 93' lang='lat' dir='ltr'>ti-</span> 
     </span>
     <span class='ocr_line' id='line_1_9' title="bbox 72 1273 838 1349; baseline 0.004 -17"><span class='ocrx_word' id='word_1_40' title='bbox 72 1289 171 1332; x_wconf 86' lang='lat' dir='ltr'>more</span> <span class='ocrx_word' id='word_1_41' title='bbox 189 1281 222 1332; x_wconf 95' lang='lat' dir='ltr'>et</span> <span class='ocrx_word' id='word_1_42' title='bbox 237 1289 372 1347; x_wconf 88' lang='lat' dir='ltr'>angore:</span> <span class='ocrx_word' id='word_1_43' title='bbox 394 1273 562 1349; x_wconf 83' lang='lat' dir='ltr'>abnegatio</span> <span class='ocrx_word' id='word_1_44' title='bbox 578 1274 640 1349; x_wconf 91' lang='lat' dir='ltr'>sui,</span> <span class='ocrx_word' id='word_1_45' title='bbox 662 1274 838 1335; x_wconf 79' lang='lat' dir='ltr'>ineffabilis</span> 
     </span>
     <span class='ocr_line' id='line_1_10' title="bbox 72 1369 837 1433; baseline 0.004 -3"><span class='ocrx_word' id='word_1_46' title='bbox 72 1371 225 1433; x_wconf 90' lang='lat' dir='ltr'>libertas.</span> <span class='ocrx_word' id='word_1_47' title='bbox 272 1369 374 1430; x_wconf 79' lang='lat' dir='ltr'>Amor</span> <span class='ocrx_word' id='word_1_48' title='bbox 401 1371 453 1430; x_wconf 90' lang='lat' dir='ltr'>sui</span> <span class='ocrx_word' id='word_1_49' title='bbox 482 1371 672 1432; x_wconf 92' lang='lat' dir='ltr'>intestinum</span> <span class='ocrx_word' id='word_1_50' title='bbox 702 1372 837 1433; x_wconf 90' lang='lat' dir='ltr'>malum:</span> 
     </span>
     <span class='ocr_line' id='line_1_11' title="bbox 74 1467 875 1546; baseline -0.001 -16"><span class='ocrx_word' id='word_1_51' title='bbox 74 1469 146 1546; x_wconf 88' lang='lat' dir='ltr'>qui·</span> <span class='ocrx_word' id='word_1_52' title='bbox 159 1484 234 1528; x_wconf 87' lang='lat' dir='ltr'>raro</span> <span class='ocrx_word' id='word_1_53' title='bbox 250 1467 391 1528; x_wconf 92' lang='lat' dir='ltr'>vincitur</span> <span class='ocrx_word' id='word_1_54' title='bbox 412 1467 475 1527; x_wconf 93' lang='lat' dir='ltr'>nisi</span> <span class='ocrx_word' id='word_1_55' title='bbox 493 1469 584 1528; x_wconf 85' lang='lat' dir='ltr'>Deus</span> <span class='ocrx_word' id='word_1_56' title='bbox 606 1469 751 1544; x_wconf 86' lang='lat' dir='ltr'>perfecte</span> <span class='ocrx_word' id='word_1_57' title='bbox 768 1469 838 1529; x_wconf 94' lang='lat' dir='ltr'>dili·</span> <span class='ocrx_word' id='word_1_58' title='bbox 850 1490 875 1530; x_wconf 86' lang='grc' dir='ltr'>ιο</span> 
     </span>
     <span class='ocr_line' id='line_1_12' title="bbox 74 1563 838 1642; baseline 0 -16"><span class='ocrx_word' id='word_1_59' title='bbox 74 1575 184 1642; x_wconf 85' lang='lat' dir='ltr'>gatur.</span> <span class='ocrx_word' id='word_1_60' title='bbox 215 1563 433 1640; x_wconf 85' lang='lat' dir='ltr'>Contemptus</span> <span class='ocrx_word' id='word_1_61' title='bbox 455 1565 505 1626; x_wconf 88' lang='lat' dir='ltr'>sui</span> <span class='ocrx_word' id='word_1_62' title='bbox 529 1566 643 1627; x_wconf 88' lang='lat' dir='ltr'>salutis</span> <span class='ocrx_word' id='word_1_63' title='bbox 665 1566 838 1642; x_wconf 83' lang='lat' dir='ltr'>indicium3</span> 
     </span>
     <span class='ocr_line' id='line_1_13' title="bbox 75 1663 838 1740; baseline 0.001 -16"><span class='ocrx_word' id='word_1_64' title='bbox 75 1674 109 1724; x_wconf 88' lang='lat' dir='ltr'>et</span> <span class='ocrx_word' id='word_1_65' title='bbox 125 1663 185 1740; x_wconf 93' lang='lat' dir='ltr'>qui</span> <span class='ocrx_word' id='word_1_66' title='bbox 201 1679 219 1721; x_wconf 94' lang='lat' dir='ltr'>a</span> <span class='ocrx_word' id='word_1_67' title='bbox 234 1671 420 1738; x_wconf 92' lang='lat' dir='ltr'>contemptu</span> <span class='ocrx_word' id='word_1_68' title='bbox 436 1663 565 1738; x_wconf 90' lang='lat' dir='ltr'>incipit:</span> <span class='ocrx_word' id='word_1_69' title='bbox 587 1664 621 1723; x_wconf 94' lang='lat' dir='ltr'>in</span> <span class='ocrx_word' id='word_1_70' title='bbox 636 1681 746 1724; x_wconf 92' lang='lat' dir='ltr'>amore</span> <span class='ocrx_word' id='word_1_71' title='bbox 764 1665 838 1725; x_wconf 89' lang='lat' dir='ltr'>lesu</span> 
     </span>
     <span class='ocr_line' id='line_1_14' title="bbox 75 1758 838 1838; baseline 0.001 -17"><span class='ocrx_word' id='word_1_72' title='bbox 75 1759 278 1838; x_wconf 87' lang='lat' dir='ltr'>perficietur.</span> <span class='ocrx_word' id='word_1_73' title='bbox 307 1758 409 1819; x_wconf 78' lang='lat' dir='ltr'>Amor</span> <span class='ocrx_word' id='word_1_74' title='bbox 430 1760 480 1819; x_wconf 92' lang='lat' dir='ltr'>sui</span> <span class='ocrx_word' id='word_1_75' title='bbox 501 1778 557 1820; x_wconf 93' lang='lat' dir='ltr'>eor</span> <span class='ocrx_word' id='word_1_76' title='bbox 572 1762 734 1837; x_wconf 87' lang='lat' dir='ltr'>obscurat,</span> <span class='ocrx_word' id='word_1_77' title='bbox 755 1763 838 1838; x_wconf 89' lang='lat' dir='ltr'>parit</span> 
     </span>
     <span class='ocr_line' id='line_1_15' title="bbox 75 1857 837 1937; baseline 0 -17"><span class='ocrx_word' id='word_1_78' title='bbox 75 1860 185 1934; x_wconf 86' lang='lat' dir='ltr'>rixas,</span> <span class='ocrx_word' id='word_1_79' title='bbox 213 1857 360 1934; x_wconf 92' lang='lat' dir='ltr'>tollitque</span> <span class='ocrx_word' id='word_1_80' title='bbox 389 1857 581 1933; x_wconf 87' lang='lat' dir='ltr'>profectum.</span> <span class='ocrx_word' id='word_1_81' title='bbox 633 1860 699 1937; x_wconf 91' lang='lat' dir='ltr'>Qui</span> <span class='ocrx_word' id='word_1_82' title='bbox 729 1869 837 1920; x_wconf 87' lang='lat' dir='ltr'>autem</span> 
     </span>
     <span class='ocr_line' id='line_1_16' title="bbox 75 1957 875 2035; baseline 0.001 -17"><span class='ocrx_word' id='word_1_83' title='bbox 75 1966 214 2035; x_wconf 93' lang='lat' dir='ltr'>propter</span> <span class='ocrx_word' id='word_1_84' title='bbox 230 1957 337 2016; x_wconf 89' lang='lat' dir='ltr'>lesum</span> <span class='ocrx_word' id='word_1_85' title='bbox 353 1973 390 2015; x_wconf 92' lang='lat' dir='ltr'>se</span> <span class='ocrx_word' id='word_1_86' title='bbox 409 1957 562 2033; x_wconf 87' lang='lat' dir='ltr'>abnegat:</span> <span class='ocrx_word' id='word_1_87' title='bbox 584 1958 667 2018; x_wconf 91' lang='lat' dir='ltr'>liber</span> <span class='ocrx_word' id='word_1_88' title='bbox 689 1958 723 2018; x_wconf 87' lang='lat' dir='ltr'>lit</span> <span class='ocrx_word' id='word_1_89' title='bbox 738 1967 770 2018; x_wconf 89' lang='lat' dir='ltr'>et</span> <span class='ocrx_word' id='word_1_90' title='bbox 785 1976 837 2035; x_wconf 89' lang='lat' dir='ltr'>pa·</span> <span class='ocrx_word' id='word_1_91' title='bbox 850 1980 875 2020; x_wconf 84' lang='lat'>15</span> 
     </span>
     <span class='ocr_line' id='line_1_17' title="bbox 77 2052 838 2116; baseline 0 -1"><span class='ocrx_word' id='word_1_92' title='bbox 77 2064 184 2116; x_wconf 77' lang='lat' dir='ltr'>catus</span> <span class='ocrx_word' id='word_1_93' title='bbox 215 2052 317 2113; x_wconf 81' lang='lat' dir='ltr'>Amor</span> <span class='ocrx_word' id='word_1_94' title='bbox 339 2055 413 2114; x_wconf 91' lang='lat' dir='ltr'>lesu</span> <span class='ocrx_word' id='word_1_95' title='bbox 436 2063 524 2115; x_wconf 94' lang='lat' dir='ltr'>tutus</span> <span class='ocrx_word' id='word_1_96' title='bbox 547 2065 578 2113; x_wconf 98' lang='lat' dir='ltr'>et</span> <span class='ocrx_word' id='word_1_97' title='bbox 601 2054 710 2114; x_wconf 87' lang='lat' dir='ltr'>fortis:</span> <span class='ocrx_word' id='word_1_98' title='bbox 732 2056 838 2115; x_wconf 92' lang='lat' dir='ltr'>nescit</span> 
     </span>
     <span class='ocr_line' id='line_1_18' title="bbox 78 2151 837 2228; baseline 0.003 -16"><span class='ocrx_word' id='word_1_99' title='bbox 78 2151 199 2212; x_wconf 91' lang='lat' dir='ltr'>molles</span> <span class='ocrx_word' id='word_1_100' title='bbox 214 2162 246 2213; x_wconf 96' lang='lat' dir='ltr'>et</span> <span class='ocrx_word' id='word_1_101' title='bbox 261 2168 297 2211; x_wconf 93' lang='lat' dir='ltr'>se</span> <span class='ocrx_word' id='word_1_102' title='bbox 313 2152 402 2228; x_wconf 90' lang='lat' dir='ltr'>ipsos</span> <span class='ocrx_word' id='word_1_103' title='bbox 417 2162 622 2228; x_wconf 89' lang='lat' dir='ltr'>quaerentes.</span> <span class='ocrx_word' id='word_1_104' title='bbox 644 2152 747 2213; x_wconf 81' lang='lat' dir='ltr'>Amor</span> <span class='ocrx_word' id='word_1_105' title='bbox 763 2154 837 2214; x_wconf 91' lang='lat' dir='ltr'>lesu</span> 
     </span>
     <span class='ocr_line' id='line_1_19' title="bbox 78 2248 837 2326; baseline 0.005 -19"><span class='ocrx_word' id='word_1_106' title='bbox 78 2249 135 2309; x_wconf 92' lang='lat' dir='ltr'>dat</span> <span class='ocrx_word' id='word_1_107' title='bbox 156 2257 258 2308; x_wconf 91' lang='lat' dir='ltr'>totum</span> <span class='ocrx_word' id='word_1_108' title='bbox 281 2249 366 2325; x_wconf 90' lang='lat' dir='ltr'>quod</span> <span class='ocrx_word' id='word_1_109' title='bbox 383 2259 433 2308; x_wconf 90' lang='lat' dir='ltr'>est</span> <span class='ocrx_word' id='word_1_110' title='bbox 448 2257 479 2308; x_wconf 93' lang='lat' dir='ltr'>et</span> <span class='ocrx_word' id='word_1_111' title='bbox 501 2248 613 2309; x_wconf 90' lang='lat' dir='ltr'>habet:</span> <span class='ocrx_word' id='word_1_112' title='bbox 636 2267 696 2308; x_wconf 93' lang='lat' dir='ltr'>nec</span> <span class='ocrx_word' id='word_1_113' title='bbox 712 2251 837 2326; x_wconf 88' lang='lat' dir='ltr'>quaerit</span> 
     </span>
     <span class='ocr_line' id='line_1_20' title="bbox 80 2346 836 2424; baseline 0.004 -18"><span class='ocrx_word' id='word_1_114' title='bbox 80 2346 144 2406; x_wconf 91' lang='lat' dir='ltr'>nisi</span> <span class='ocrx_word' id='word_1_115' title='bbox 161 2349 247 2423; x_wconf 93' lang='lat' dir='ltr'>quod</span> <span class='ocrx_word' id='word_1_116' title='bbox 262 2348 353 2409; x_wconf 92' lang='lat' dir='ltr'>novit</span> <span class='ocrx_word' id='word_1_117' title='bbox 370 2349 440 2408; x_wconf 89' lang='lat' dir='ltr'>Deo</span> <span class='ocrx_word' id='word_1_118' title='bbox 456 2348 595 2424; x_wconf 92' lang='lat' dir='ltr'>placere.</span> <span class='ocrx_word' id='word_1_119' title='bbox 625 2347 658 2408; x_wconf 88' lang='lat' dir='ltr'>Si</span> <span class='ocrx_word' id='word_1_120' title='bbox 675 2348 725 2408; x_wconf 91' lang='lat' dir='ltr'>vis</span> <span class='ocrx_word' id='word_1_121' title='bbox 740 2349 836 2424; x_wconf 94' lang='lat' dir='ltr'>plene</span> 
     </span>
     <span class='ocr_line' id='line_1_21' title="bbox 80 2445 873 2522; baseline 0.003 -18"><span class='ocrx_word' id='word_1_122' title='bbox 80 2446 211 2522; x_wconf 88' lang='lat' dir='ltr'>purgari</span> <span class='ocrx_word' id='word_1_123' title='bbox 236 2457 267 2507; x_wconf 93' lang='lat' dir='ltr'>et</span> <span class='ocrx_word' id='word_1_124' title='bbox 282 2447 315 2506; x_wconf 93' lang='lat' dir='ltr'>in</span> <span class='ocrx_word' id='word_1_125' title='bbox 331 2446 447 2522; x_wconf 89' lang='lat' dir='ltr'>spiritu</span> <span class='ocrx_word' id='word_1_126' title='bbox 462 2445 647 2506; x_wconf 84' lang='lat' dir='ltr'>clarificari:</span> <span class='ocrx_word' id='word_1_127' title='bbox 663 2456 836 2507; x_wconf 92' lang='lat' dir='ltr'>contemne</span> <span class='ocrx_word' id='word_1_128' title='bbox 846 2465 873 2506; x_wconf 90' lang='lat'>20</span> 
     </span>
     <span class='ocr_line' id='line_1_22' title="bbox 81 2543 836 2619; baseline 0.007 -19"><span class='ocrx_word' id='word_1_129' title='bbox 81 2551 112 2601; x_wconf 90' lang='lat' dir='ltr'>te</span> <span class='ocrx_word' id='word_1_130' title='bbox 136 2543 243 2618; x_wconf 92' lang='lat' dir='ltr'>ipsum</span> <span class='ocrx_word' id='word_1_131' title='bbox 259 2553 291 2603; x_wconf 91' lang='lat' dir='ltr'>et</span> <span class='ocrx_word' id='word_1_132' title='bbox 306 2543 415 2604; x_wconf 88' lang='lat' dir='ltr'>omnia</span> <span class='ocrx_word' id='word_1_133' title='bbox 430 2553 561 2619; x_wconf 91' lang='lat' dir='ltr'>propter</span> <span class='ocrx_word' id='word_1_134' title='bbox 577 2544 696 2604; x_wconf 91' lang='lat' dir='ltr'>lesum.</span> <span class='ocrx_word' id='word_1_135' title='bbox 727 2544 836 2605; x_wconf 90' lang='lat' dir='ltr'>Omne</span> 
     </span>
     <span class='ocr_line' id='line_1_23' title="bbox 81 2640 836 2717; baseline 0.004 -18"><span class='ocrx_word' id='word_1_136' title='bbox 81 2657 234 2717; x_wconf 86' lang='lat' dir='ltr'>magnum</span> <span class='ocrx_word' id='word_1_137' title='bbox 249 2641 283 2700; x_wconf 93' lang='lat' dir='ltr'>in</span> <span class='ocrx_word' id='word_1_138' title='bbox 299 2641 430 2716; x_wconf 94' lang='lat' dir='ltr'>mundo,</span> <span class='ocrx_word' id='word_1_139' title='bbox 445 2640 583 2701; x_wconf 89' lang='lat' dir='ltr'>nihilum</span> <span class='ocrx_word' id='word_1_140' title='bbox 599 2641 656 2701; x_wconf 91' lang='lat' dir='ltr'>tibi</span> <span class='ocrx_word' id='word_1_141' title='bbox 672 2642 724 2716; x_wconf 88' lang='lat' dir='ltr'>sit,</span> <span class='ocrx_word' id='word_1_142' title='bbox 739 2659 836 2703; x_wconf 93' lang='lat' dir='ltr'>omne</span> 
     </span>
     <span class='ocr_line' id='line_1_24' title="bbox 81 2739 836 2801; baseline 0.003 -3"><span class='ocrx_word' id='word_1_143' title='bbox 81 2739 259 2799; x_wconf 93' lang='lat' dir='ltr'>iucundum</span> <span class='ocrx_word' id='word_1_144' title='bbox 289 2748 484 2799; x_wconf 88' lang='lat' dir='ltr'>amarescat:</span> <span class='ocrx_word' id='word_1_145' title='bbox 513 2748 548 2799; x_wconf 95' lang='lat' dir='ltr'>ut</span> <span class='ocrx_word' id='word_1_146' title='bbox 577 2740 668 2799; x_wconf 90' lang='lat' dir='ltr'>solus</span> <span class='ocrx_word' id='word_1_147' title='bbox 691 2741 782 2799; x_wconf 89' lang='lat' dir='ltr'>Deus</span> <span class='ocrx_word' id='word_1_148' title='bbox 805 2751 836 2801; x_wconf 92' lang='lat' dir='ltr'>et</span> 
     </span>
     <span class='ocr_line' id='line_1_25' title="bbox 81 2836 835 2913; baseline 0.003 -18"><span class='ocrx_word' id='word_1_149' title='bbox 81 2836 186 2896; x_wconf 91' lang='lat' dir='ltr'>dulcis</span> <span class='ocrx_word' id='word_1_150' title='bbox 209 2837 301 2896; x_wconf 91' lang='lat' dir='ltr'>lesus</span> <span class='ocrx_word' id='word_1_151' title='bbox 330 2854 429 2913; x_wconf 92' lang='lat' dir='ltr'>super</span> <span class='ocrx_word' id='word_1_152' title='bbox 450 2837 560 2896; x_wconf 87' lang='lat' dir='ltr'>omnia</span> <span class='ocrx_word' id='word_1_153' title='bbox 580 2837 637 2897; x_wconf 91' lang='lat' dir='ltr'>tibi</span> <span class='ocrx_word' id='word_1_154' title='bbox 661 2837 835 2898; x_wconf 90' lang='lat' dir='ltr'>dulcescat.</span> 
     </span>
     <span class='ocr_line' id='line_1_26' title="bbox 83 2933 872 3010; baseline 0.001 -16"><span class='ocrx_word' id='word_1_155' title='bbox 83 2933 169 3010; x_wconf 89' lang='lat' dir='ltr'>Quid</span> <span class='ocrx_word' id='word_1_156' title='bbox 193 2943 242 2994; x_wconf 92' lang='lat' dir='ltr'>est</span> <span class='ocrx_word' id='word_1_157' title='bbox 258 2933 291 2993; x_wconf 93' lang='lat' dir='ltr'>in</span> <span class='ocrx_word' id='word_1_158' title='bbox 306 2934 442 2994; x_wconf 86' lang='lat' dir='ltr'>veritate</span> <span class='ocrx_word' id='word_1_159' title='bbox 460 2951 551 2993; x_wconf 89' lang='lat' dir='ltr'>amor</span> <span class='ocrx_word' id='word_1_160' title='bbox 567 2935 652 3010; x_wconf 88' lang='lat' dir='ltr'>lesu,</span> <span class='ocrx_word' id='word_1_161' title='bbox 674 2935 736 2995; x_wconf 92' lang='lat' dir='ltr'>nisi</span> <span class='ocrx_word' id='word_1_162' title='bbox 760 2952 872 2995; x_wconf 82' lang='lat' dir='ltr'>con-2⁵</span> 
     </span>
     <span class='ocr_line' id='line_1_27' title="bbox 82 3031 836 3110; baseline 0.004 -19"><span class='ocrx_word' id='word_1_163' title='bbox 82 3041 223 3108; x_wconf 92' lang='lat' dir='ltr'>temptus</span> <span class='ocrx_word' id='word_1_164' title='bbox 253 3032 298 3091; x_wconf 91' lang='lat' dir='ltr'>tui</span> <span class='ocrx_word' id='word_1_165' title='bbox 330 3031 434 3108; x_wconf 92' lang='lat' dir='ltr'>ipsius</span> <span class='ocrx_word' id='word_1_166' title='bbox 464 3043 496 3093; x_wconf 90' lang='lat' dir='ltr'>et</span> <span class='ocrx_word' id='word_1_167' title='bbox 527 3033 672 3092; x_wconf 92' lang='lat' dir='ltr'>omnium</span> <span class='ocrx_word' id='word_1_168' title='bbox 704 3046 836 3110; x_wconf 91' lang='lat' dir='ltr'>propter</span> 
     </span>
     <span class='ocr_line' id='line_1_28' title="bbox 83 3131 835 3207; baseline 0.001 -17"><span class='ocrx_word' id='word_1_169' title='bbox 83 3147 225 3191; x_wconf 88' lang='lat' dir='ltr'>amorem</span> <span class='ocrx_word' id='word_1_170' title='bbox 254 3131 378 3191; x_wconf 81' lang='lat' dir='ltr'>suum?</span> <span class='ocrx_word' id='word_1_171' title='bbox 420 3131 458 3190; x_wconf 90' lang='lat' dir='ltr'>Et</span> <span class='ocrx_word' id='word_1_172' title='bbox 484 3131 538 3191; x_wconf 90' lang='lat' dir='ltr'>hic</span> <span class='ocrx_word' id='word_1_173' title='bbox 560 3140 610 3191; x_wconf 88' lang='lat' dir='ltr'>est</span> <span class='ocrx_word' id='word_1_174' title='bbox 633 3131 687 3207; x_wconf 91' lang='lat' dir='ltr'>qui</span> <span class='ocrx_word' id='word_1_175' title='bbox 710 3131 835 3191; x_wconf 90' lang='lat' dir='ltr'>invenit</span> 
     </span>
     <span class='ocr_line' id='line_1_29' title="bbox 82 3228 835 3304; baseline 0.003 -18"><span class='ocrx_word' id='word_1_176' title='bbox 82 3245 126 3304; x_wconf 90' lang='lat' dir='ltr'>se,</span> <span class='ocrx_word' id='word_1_177' title='bbox 148 3238 180 3288; x_wconf 91' lang='lat' dir='ltr'>et</span> <span class='ocrx_word' id='word_1_178' title='bbox 202 3245 299 3287; x_wconf 93' lang='lat' dir='ltr'>omne</span> <span class='ocrx_word' id='word_1_179' title='bbox 320 3229 441 3289; x_wconf 92' lang='lat' dir='ltr'>bonum</span> <span class='ocrx_word' id='word_1_180' title='bbox 464 3228 497 3288; x_wconf 93' lang='lat' dir='ltr'>in</span> <span class='ocrx_word' id='word_1_181' title='bbox 520 3229 600 3289; x_wconf 90' lang='lat' dir='ltr'>Deo.</span> <span class='ocrx_word' id='word_1_182' title='bbox 631 3228 762 3289; x_wconf 87' lang='lat' dir='ltr'>Salvare</span> <span class='ocrx_word' id='word_1_183' title='bbox 785 3229 835 3288; x_wconf 94' lang='lat' dir='ltr'>vis</span> 
     </span>
     <span class='ocr_line' id='line_1_30' title="bbox 84 3326 835 3402; baseline 0.001 -18"><span class='ocrx_word' id='word_1_184' title='bbox 84 3326 220 3387; x_wconf 87' lang='lat' dir='ltr'>animam</span> <span class='ocrx_word' id='word_1_185' title='bbox 236 3335 337 3386; x_wconf 87' lang='lat' dir='ltr'>tuam:</span> <span class='ocrx_word' id='word_1_186' title='bbox 354 3336 526 3387; x_wconf 90' lang='lat' dir='ltr'>contemne</span> <span class='ocrx_word' id='word_1_187' title='bbox 536 3343 624 3386; x_wconf 95' lang='lat' dir='ltr'>nunc</span> <span class='ocrx_word' id='word_1_188' title='bbox 635 3327 733 3386; x_wconf 86' lang='lat' dir='ltr'>viram</span> <span class='ocrx_word' id='word_1_189' title='bbox 745 3342 835 3402; x_wconf 90' lang='lat' dir='ltr'>prae·</span> 
     </span>
     <span class='ocr_line' id='line_1_31' title="bbox 84 3423 871 3501; baseline 0.003 -19"><span class='ocrx_word' id='word_1_190' title='bbox 84 3434 218 3485; x_wconf 89' lang='lat' dir='ltr'>sentem.</span> <span class='ocrx_word' id='word_1_191' title='bbox 248 3424 282 3484; x_wconf 87' lang='lat' dir='ltr'>Si</span> <span class='ocrx_word' id='word_1_192' title='bbox 297 3424 443 3484; x_wconf 90' lang='lat' dir='ltr'>tenueris</span> <span class='ocrx_word' id='word_1_193' title='bbox 459 3425 554 3485; x_wconf 93' lang='lat' dir='ltr'>modo</span> <span class='ocrx_word' id='word_1_194' title='bbox 569 3441 717 3501; x_wconf 86' lang='lat' dir='ltr'>asperam</span> <span class='ocrx_word' id='word_1_195' title='bbox 733 3423 871 3484; x_wconf 79' lang='lat' dir='ltr'>viam:ao</span> 
     </span>
    </p>
   </div>
   <div class='ocr_carea' id='block_1_3' title="bbox 85 3520 835 3668">
    <p class='ocr_par' dir='ltr' id='par_1_3' title="bbox 85 3520 835 3668">
     <span class='ocr_line' id='line_1_32' title="bbox 85 3520 835 3582; baseline 0 -3"><span class='ocrx_word' id='word_1_196' title='bbox 85 3520 142 3582; x_wconf 90' lang='lat' dir='ltr'>ibis</span> <span class='ocrx_word' id='word_1_197' title='bbox 173 3522 327 3582; x_wconf 88' lang='lat' dir='ltr'>invitam</span> <span class='ocrx_word' id='word_1_198' title='bbox 356 3531 531 3582; x_wconf 88' lang='lat' dir='ltr'>aeternam.</span> <span class='ocrx_word' id='word_1_199' title='bbox 574 3523 684 3582; x_wconf 89' lang='lat' dir='ltr'>Durus</span> <span class='ocrx_word' id='word_1_200' title='bbox 706 3520 835 3580; x_wconf 91' lang='lat' dir='ltr'>videtur</span> 
     </span>
     <span class='ocr_line' id='line_1_33' title="bbox 440 3627 476 3668; baseline 0 0"><span class='ocrx_word' id='word_1_201' title='bbox 440 3627 476 3668; x_wconf 83' lang='lat'>157</span> 
     </span>
    </p>
   </div>
   <div class='ocr_carea' id='block_1_4' title="bbox 0 0 1101 4194">
    <p class='ocr_par' dir='ltr' id='par_1_4' title="bbox 0 0 1101 4194">
     <span class='ocr_line' id='line_1_34' title="bbox 0 0 1101 4194; baseline 0 0"><span class='ocrx_word' id='word_1_202' title='bbox 0 0 1101 4194; x_wconf 95' lang='lat' dir='ltr'> </span> 
     </span>
    </p>
   </div>
  </div>
 </body>
</html>
