2114 4168
199 408 319 461 ffiffiffi
346 407 520 450 ORATIONES
536 407 575 448 DE
590 407 667 450 ALIIS
683 406 810 450 sancus
836 406 966 460 mg&
1044 397 1045 404 ’

197 541 306 605 Maria
334 551 438 602 mater
466 541 598 601 Domini
630 550 663 601 et
691 540 796 601 Maria
825 541 968 616 Magda-

200 641 283 700 lena.

242 735 327 813 Quis
338 735 417 796 mihi
434 736 596 813 peccatori
613 736 703 796 arido
719 737 817 813 ligno,
833 736 967 797 fontem

201 835 255 895 det
276 834 495 909 lacrimarum,
523 842 559 893 ut
580 834 728 910 plangam
754 834 871 894 saltem
896 851 969 893 una

177 933 281 992 ahora
309 932 373 992 diei
405 932 592 1008 passionem
622 932 754 993 Domini
786 933 851 993 mei
884 933 966 994 Iesu
1044 969 1045 974 κ

201 1030 326 1092 Christi
350 1048 424 1091 cum
447 1029 553 1090 lllaria
569 1029 762 1106 Magdalena
783 1032 916 1093 devotis
932 1043 968 1093 et

200 1130 360 1190 amorosis
382 1127 525 1189 lacrimis
547 1127 651 1204 plena.
695 1128 861 1206 Olllaria,
884 1131 965 1190 audi

200 1237 274 1287 vota
289 1245 362 1288 mea
377 1227 473 1288 etiam
489 1227 549 1286 hac
561 1226 644 1301 vice,
658 1235 693 1286 ut
708 1227 831 1288 discam
848 1237 963 1287 tecum
1044 1303 1045 1320 χ

200 1324 371 1385 lacrimari.
402 1323 430 1385 Ο
447 1334 559 1385 sancta
579 1334 611 1385 et
625 1323 827 1401 praefulgida
843 1325 965 1400 Maria,

167 1440 191 1480 ro
201 1432 234 1483 tu
246 1440 282 1483 es
293 1423 348 1483 illa
359 1421 602 1483 ferventissima
614 1421 775 1482 visitatrix
790 1423 963 1498 sepulchri

201 1520 344 1596 Domini,
359 1537 442 1596 quae
453 1520 548 1580 valde
559 1536 654 1579 mane
669 1529 744 1580 ante
758 1519 839 1579 solis
850 1529 961 1580 ortum

200 1635 274 1678 cum
293 1617 491 1679 aromatibus
507 1618 546 1679 ad
561 1626 810 1678 monumentum
826 1617 961 1678 venisti.

201 1714 247 1775 lbi
270 1724 402 1776 sanctos
417 1716 561 1792 angelos,
584 1716 776 1777 Dominicae
792 1733 960 1776 resurrec-

200 1813 298 1873 tionis
316 1822 428 1889 testes‚
450 1814 570 1874 vidisti.
600 1814 665 1875 Sed
686 1831 799 1891 parum
821 1813 880 1873 tibi
898 1814 961 1874 fuit

167 1931 191 1972 15
200 1911 333 1987 angelos
354 1910 477 1986 videre,
498 1910 562 1970 nisi
585 1919 617 1971 et
638 1912 827 1987 angelorum
845 1911 957 1971 Domi-

200 2026 278 2068 num
301 2008 442 2070 videres.
479 2010 656 2086 Propterea
679 2009 758 2069 loris
780 2009 819 2069 ad
842 2027 956 2070 monu-

200 2117 346 2168 mentum
368 2107 476 2167 stabas
492 2117 524 2168 et
539 2108 699 2184 plorabaS,
720 2107 796 2184 quia
812 2108 954 2169 ablatum
1044 2127 1045 2132 ¹

200 2204 344 2281 putabas.
388 2205 508 2266 Iterum
537 2215 570 2266 te
599 2205 780 2266 inclinabas
802 2215 834 2266 et
856 2206 954 2266 intro-

200 2302 379 2379 spiciebas,
414 2302 490 2380 quia
520 2303 639 2363 amanti
671 2320 737 2363 non
773 2302 956 2365 sufficiebat
1044 2369 1045 2378 ξ

163 2401 303 2460 zosemel
335 2401 516 2476 quaesisse.
569 2401 652 2476 Sed,
683 2419 702 2461 o
733 2401 858 2477 Maria,
888 2402 953 2462 noli

200 2498 321 2558 diutius
344 2498 441 2574 llere,
463 2515 540 2558 ecce
563 2500 705 2559 surrexit
726 2508 838 2559 auctor
860 2499 953 2574 vitae,
1044 2525 1045 2542 κ

201 2605 232 2656 et
261 2606 294 2656 tu
318 2596 384 2656 eris
413 2597 527 2656 nuntia
554 2606 661 2658 tantae
683 2598 814 2675 gloriae.
858 2598 952 2675 Quod

200 2704 232 2753 et
260 2693 304 2754 ita
334 2694 453 2755 lactum
477 2695 642 2755 credimus
671 2705 703 2756 et
725 2696 831 2756 Deum
862 2696 894 2755 in
921 2705 952 2756 te

199 2790 430 2867 glorificamus.
466 2792 611 2869 Surgens
633 2792 720 2853 enim
745 2792 838 2853 lesus
861 2810 951 2852 mane

163 2887 305 2964 asprima
326 2889 449 2949 sabbati
473 2889 578 2966 primo
600 2891 747 2967 apparuit
768 2891 844 2966 tibi,
868 2902 898 2951 et
917 2900 949 2950 tu

200 2986 319 3047 ceteris
341 2987 477 3063 gloriam
500 2988 751 3049 resurrectionis
780 2989 853 3048 eius
874 3007 949 3049 nun·
1044 3065 1045 3074 ἵ

200 3085 297 3145 tiasti.
323 3086 418 3145 Facta
433 3103 469 3146 es
484 3102 561 3162 ergo
578 3087 798 3162 apostolorum
812 3088 951 3163 apostola

200 3193 232 3244 et
254 3183 339 3243 inter
360 3193 427 3245 tres
450 3181 590 3242 feminas
612 3182 770 3244 illustrior
791 3193 823 3244 et
842 3184 948 3260 prima.
1044 3245 1045 3250 ,

200 3281 296 3341 Nunc
319 3281 488 3342 humiliter
509 3280 656 3357 vestigiis
685 3280 750 3341 tuis
773 3291 948 3359 prostratus
1044 3285 1045 3339 l

162 3388 291 3454 sopeto,
319 3389 354 3440 ut
380 3377 563 3439 intercedas
592 3394 650 3453 pro
673 3395 725 3438 me
754 3389 786 3438 et
807 3397 865 3457 pro
887 3398 947 3440 om·
1044 3379 1045 3450 ὲ

201 3474 299 3534 nibus
314 3484 345 3534 te
361 3474 570 3550 diligentibus
586 3485 619 3536 et
633 3477 876 3554 venerantibus,
895 3478 946 3538 tibi

556 3579 597 3620 sos
