2118 4186
231 422 271 474 ns
289 420 460 473 [sermones
473 420 589 463 nevira
601 420 635 464 er
647 419 794 462 PASSlONE
806 421 935 474 nomm]
953 423 994 474 [a

232 554 313 615 locis
335 554 507 632 religiosis.
549 555 631 615 Nam
654 553 758 614 maior
778 554 911 615 videtur
932 573 994 616 nu-

232 669 343 712 merus
372 651 598 728 incipientium
625 669 721 728 quam
750 652 994 728 perfectorum:

232 759 264 810 et
301 749 408 809 minor
448 759 498 809 est
533 750 626 826 copia
660 751 993 827 contemplativorum

232 865 327 924 quam
344 846 534 907 activorum.
562 847 650 908 lnter
664 841 785 909 mult'os
800 848 898 908 etiam
916 850 995 909 sub-

210 946 317 1007 sditos
338 945 431 1022 pauci
455 945 663 1020 reperiuntur
684 946 723 1006 ad
745 944 854 1006 officia
874 947 993 1007 utiles:

233 1055 264 1106 et
293 1047 332 1105 ad
358 1046 442 1105 bene
465 1043 643 1120 regendum
667 1061 703 1103 se
725 1053 758 1104 et
778 1044 861 1104 alios
883 1045 993 1105 adhuc

233 1144 334 1203 multo
364 1142 513 1203 rariores.
557 1142 593 1201 ln
620 1141 673 1200 his
694 1151 826 1218 apparet
848 1143 994 1202 humana

233 1239 405 1316 fragilitas,
441 1248 473 1300 et
508 1238 757 1300 humiliatur
790 1240 994 1315 superbia

232 1348 359 1413 nostra3
390 1337 466 1413 quia
494 1347 558 1397 tam
580 1336 673 1412 proni
697 1353 812 1397 sumus
833 1337 873 1397 ad
896 1337 994 1398 vitia:

199 1445 264 1497 met
289 1435 371 1496 tardi
398 1436 437 1495 ad
459 1435 655 1512 perfectiora
676 1435 838 1495 sectanda.
883 1436 993 1495 Nemo

233 1544 341 1594 tamen
377 1534 469 1594 alteri
505 1533 727 1608 improperare
763 1543 851 1595 recte
883 1543 994 1610 potest

233 1632 319 1714 quod
352 1631 564 1692 defectuosus
594 1630 636 1690 sit
668 1640 700 1690 et
731 1633 878 1708 ineptus:
915 1632 995 1708 quia
1043 1707 1044 1710 Ἴ

233 1731 317 1791 sicut
345 1729 428 1789 alius
458 1728 581 1805 fragilis
604 1738 670 1803 est,
699 1727 743 1787 ita
764 1734 796 1786 et
817 1734 862 1785 tu.
908 1726 995 1786 Rara
1043 1793 1044 1802 χ

233 1828 302 1889 avis
325 1829 356 1888 in
380 1837 465 1888 terra
487 1826 644 1902 perfectio
666 1841 759 1884 vera:
789 1821 875 1882 etin
899 1823 992 1882 omni
1043 1841 1044 1848 ¹

200 1929 305 1989 rsloco
335 1924 543 2001 reperiuntur
568 1924 700 1983 vascula
730 1921 839 1982 fracta.
883 1921 994 1981 Debet

234 2042 311 2101 ergo
331 2023 467 2100 quilibet
481 2022 521 2082 ad
536 2039 573 2082 se
589 2021 695 2098 ipsum
712 2019 842 2080 oculum
859 2020 996 2094 habere,

234 2131 266 2182 et
296 2121 443 2199 proximo
473 2120 592 2180 erranti
622 2117 789 2178 misereri:
817 2133 879 2176 nec
908 2117 995 2177 indi-

233 2220 324 2298 gnari
340 2219 368 2278 si
384 2219 580 2295 quandoque
595 2216 741 2277 offendit.
766 2215 860 2275 Vnde
875 2214 996 2276 beatus

236 2319 371 2379 lacobus
386 2316 439 2376 ait.
473 2316 508 2375 ln
524 2314 635 2376 multis
650 2313 848 2374 offendimus
863 2328 995 2372 omnes.

198 2416 285 2478 aad
316 2414 509 2476 humilitatis
540 2414 637 2490 igitur
668 2410 912 2473 confessionem
943 2428 996 2470 re·

236 2513 432 2576 currendum
469 2521 535 2572 est:
571 2521 606 2571 ut
636 2510 722 2587 quod
754 2509 863 2569 minus
894 2508 997 2568 habet

236 2612 376 2674 defectio
398 2609 578 2671 sanctitatis
592 2617 734 2682 nostrae,
751 2608 901 2684 suppleat
915 2622 995 2665 con·

236 2711 337 2772 fessio
372 2708 523 2787 propriae
559 2705 750 2783 fragilitatis.
802 2704 841 2765 Et
875 2713 994 2764 tanto

236 2808 488 2870 humiliores
528 2806 568 2866 in
609 2804 800 2864 omnibus
840 2803 994 2863 simus:

199 2916 389 2984 asquanto
420 2903 588 2980 longius
619 2919 637 2961 a
664 2918 761 2962 vera
789 2900 994 2978 perfectione

237 3005 405 3066 distamus.
435 3002 470 3062 In
486 3000 651 3078 peccando
667 3008 699 3059 et
714 2999 859 3060 cadendo
875 2999 995 3059 fratres
1042 3059 1043 3062 ,

237 3120 368 3164 sumus:
397 3117 494 3161 nemo
523 3115 660 3159 securus
690 3106 739 3157 est
767 3095 807 3155 de
836 3112 896 3155 sua
922 3112 994 3172 per·

237 3199 429 3261 severantia.
471 3195 635 3274 Quamdiu
658 3212 734 3271 ergo
757 3194 810 3255 hic
832 3194 993 3255 vivimus:

237 3307 363 3373 oportet
378 3295 526 3356 infirmos
540 3295 694 3355 tolerare:
710 3302 741 3353 et
757 3292 853 3354 etiam
865 3293 992 3370 aliquos

200 3394 442 3459 aoadversarios
469 3394 599 3453 habere.
643 3392 726 3452 Nam
749 3390 906 3453 Christus
934 3391 992 3451 im-

236 3492 457 3570 perfectiones
495 3490 729 3566 discipulorum
765 3505 901 3549 suorum
937 3488 991 3549 diu

594 3594 635 3636 am
