2144 4194
82 465 411 518 fflffifflffiffi
447 465 491 516 [¹9]
526 461 847 516 ³588&wa

112 625 171 684 DE
194 623 442 686 SCRIPTVRA
469 623 565 684 lESV
589 622 640 684 ET
664 622 828 683 MISERI·

114 721 285 785 CORDIA
309 721 404 783 EIVS
429 722 473 783 IN
498 720 828 784 PECCATRICEM.
909 743 912 752 ¹

434 853 511 916 [xrx]

88 933 277 1152 {QZ-§HS
305 995 413 1050 alitem
443 989 604 1050 inclinans
628 1006 662 1049 Se
687 990 849 1049 deorsum:

225 1089 326 1164 digito
347 1089 504 1150 scribebat
518 1088 551 1147 in
569 1092 660 1147 terro.
690 1086 872 1147 Amabiliss

92 1188 187 1247 Iesus
210 1186 324 1247 doctor
345 1187 429 1262 pius,
451 1186 606 1262 magister
622 1202 731 1260 verax,
752 1185 850 1245 iudex

90 1285 210 1358 iustus,
223 1294 256 1343 et
266 1284 456 1344 misericors
468 1281 615 1342 Salvator
625 1279 764 1358 sc'riptor
775 1299 850 1342 esse

91 1383 251 1442 refertur:
280 1381 335 1458 qui
358 1397 423 1441 non
446 1389 643 1455 atramento,
671 1380 728 1440 sed
751 1380 850 1457 digito

90 1480 256 1540 scribebat
287 1478 320 1538 in
349 1469 444 1538 terra.
488 1478 601 1537 Bonus
630 1477 770 1552 scriptor
795 1478 849 1555 qui

90 1576 351 1637 misericordiam
374 1575 508 1652 pauperi
531 1575 697 1650 ascripsit:
724 1584 756 1634 et
777 1591 851 1650 pec·
862 1589 887 1631 ro

91 1674 204 1736 catrici
221 1674 350 1734 veniam
367 1674 511 1733 indulsit.
535 1672 604 1733 Nec
621 1682 733 1733 contra
746 1673 850 1750 legem

90 1773 188 1833 iecit:
218 1773 346 1848 quando
369 1772 450 1848 legis
480 1772 618 1848 rigorem
649 1771 851 1847 temperavit.

92 1871 198 1947 Egent
221 1869 307 1929 enim
331 1869 556 1929 misericordia
575 1869 704 1928 miseri:
727 1880 758 1930 et
773 1887 851 1930 vere

91 1967 338 2044 paenitentibus
367 1967 483 2027 merito
513 1967 609 2026 debet
638 1966 772 2043 ignosci.
821 1967 850 2028 Ο

90 2083 191 2143 quam
221 2066 357 2142 pulchra
387 2066 564 2141 scriptura,
595 2075 626 2125 et
655 2083 750 2142 quarn
778 2067 888 2126 arti-15

92 2163 210 2223 ficialis
226 2163 289 2223 iste
310 2163 429 2239 digitus
446 2163 524 2223 Dei:
547 2180 620 2223 cum
636 2163 851 2239 peccatricem

91 2260 290 2321 contritione
306 2260 477 2335 madidam,
493 2260 602 2320 verbis
619 2260 697 2320 lenit
710 2262 852 2321 clemen·

92 2358 199 2434 tibus3
229 2369 261 2418 et
288 2358 470 2419 malitiosos
499 2358 707 2419 insidiatores
731 2376 852 2434 pronos

91 2457 133 2516 ad
162 2456 357 2531 vindictam,
385 2456 484 2517 duros
517 2457 555 2516 ad
584 2456 853 2531 misericordiam,

92 2553 261 2630 sapienter
282 2553 439 2613 convicit:
462 2570 498 2613 ac
521 2553 715 2614 confusione
737 2553 888 2629 dignosao
923 2551 924 2555 ’

92 2651 164 2712 suis
185 2651 324 2711 vocibus
352 2652 494 2712 ostendit
518 2651 641 2712 dicens,
685 2651 750 2728 Qui
780 2650 852 2710 sine

93 2757 229 2824 peccato
252 2757 302 2807 est
317 2758 479 2808 vestrum:
502 2749 627 2823 primus
648 2749 682 2808 in
705 2748 793 2808 illam
809 2749 852 2807 ia-

93 2845 203 2920 pidem
234 2843 346 2905 mittat.
390 2845 461 2904 Hoc
491 2855 603 2906 contra
628 2856 851 2906 accusatores:

93 2953 125 3003 et
147 2960 207 3018 pro
229 2941 421 3002 liberatione
443 2941 639 3018 paenitentis
665 2944 704 3002 ab
727 2960 783 3003 ore
806 2944 851 3003 lu-

93 3057 221 3116 porum.
265 3039 303 3099 Et
333 3056 420 3099 nunc
438 3039 536 3100 .bone
560 3040 634 3100 lesu
663 3040 740 3117 quid
770 3041 889 3101 diciszs

94 3138 254 3198 mulieri?
283 3138 436 3213 Expectat
459 3156 514 3198 rea
536 3138 693 3214 criminis,
715 3140 851 3199 verbum
878 3203 882 3212 ,

93 3236 235 3310 bonurn,
264 3235 315 3295 dic
344 3236 467 3295 sentire
496 3246 605 3312 tuum3
634 3236 794 3297 submittit
816 3255 852 3296 se

94 3333 216 3394 iudicio
246 3343 317 3394 tuo:
349 3319 388 3394 da
420 3349 614 3410 responsum
644 3335 852 3396 solaciosum.

95 3430 187 3492 Sicut
202 3432 403 3492 consuevisti
420 3449 551 3508 semper
562 3449 636 3493 esse
648 3433 851 3493 misericors:
917 3487 924 3502 ,

94 3530 137 3590 ita
159 3540 191 3590 et
213 3543 310 3589 nunc.
345 3529 414 3589 Nec
437 3547 496 3606 ego
519 3540 551 3590 te
573 3530 678 3607 inquit
700 3531 889 3591 condem-ao
