2118 4186
242 402 282 454 &3
300 401 472 456 [SERMONES
485 403 523 446 DE
533 403 600 446 VITA
611 403 646 446 ET
657 403 806 447 Passloxti
818 404 952 459 DOMINI]
967 406 1010 458 K&

243 535 359 596 bantur
388 537 514 598 hostiae
543 539 712 614 pecuales,
735 556 752 597 a
774 540 1010 600 sacerdotibus

243 635 432 712 Moysaicae
452 636 552 713 legis3
574 637 628 713 qui
644 645 753 697 tamen
769 654 834 697 non
850 647 1010 713 poterant

242 733 387 809 perfecte
416 733 601 809 quempiam
633 735 790 796 mundare
820 753 841 794 a
871 736 1009 796 delictis

242 831 422 891 secundum
439 830 595 891 iustitiam
609 831 730 891 camis:
747 832 805 892 sed
816 833 1007 892 secundum

217 929 338 989 siidem
361 927 569 989 offerentium
593 928 633 988 de
655 945 713 1004 spe
736 929 769 988 in
786 929 922 990 Christo
945 931 1008 989 do·

241 1027 366 1086 nandae
400 1025 531 1101 salutm,
563 1026 655 1086 firma
688 1029 919 1104 expectabatur
949 1047 1007 1089 re-

240 1123 355 1183 missio
377 1133 409 1183 et
429 1125 609 1184 consolatio
625 1126 787 1186 humanae
803 1127 1006 1202 redemptio·
1032 1203 1034 1208 Ι

240 1222 301 1281 nis.
345 1221 428 1281 Nam
460 1231 534 1297 post
562 1221 657 1282 istam
690 1223 936 1298 processionem
967 1237 1006 1284 et

240 1318 348 1396 magni
370 1318 506 1378 honoris
528 1319 774 1396 exhibitionem,
796 1321 908 1396 paucis
930 1322 1003 1382 die-

207 1417 303 1476 iobus
334 1416 523 1491 transactis3
559 1416 706 1492 ampliori
739 1419 933 1480 confusione
966 1432 1003 1480 et
1047 1433 1048 1496 t

242 1514 357 1590 poenis
374 1523 425 1575 est
440 1515 600 1590 repletus:
623 1531 718 1590 quam
735 1533 887 1592 umquam
904 1517 1002 1592 prius

241 1633 260 1674 a
274 1614 377 1674 turbis
394 1614 499 1673 iuerat
509 1615 697 1673 honoratus.
718 1613 869 1690 Denique
884 1616 1001 1675 multis

241 1711 370 1771 iniuriis
385 1720 418 1770 et
428 1709 619 1771 verberibus
630 1709 777 1786 affectus,
793 1710 825 1770 in
837 1728 935 1772 cruce
946 1725 1000 1772 est

241 1826 440 1885 suspensus;
464 1817 500 1867 ut
514 1808 634 1868 veritas
651 1816 834 1884 patesceret
848 1825 999 1885 assump-

209 1919 292 1967 istae
319 1906 442 1967 camis:
472 1914 504 1966 et
532 1904 633 1982 figura
654 1906 845 1982 impleretur
869 1908 998 1968 hostiae

241 2003 355 2081 legalis
390 2004 430 2063 de
465 2002 687 2063 immolatione
719 2004 790 2080 agni
823 2006 998 2079 paschalis.

241 2103 332 2163 Haec
354 2102 452 2178 igitur
474 2101 537 2160 duo
560 2118 659 2176 opera
678 2100 803 2161 Christi
828 2102 998 2177 processio

239 2199 392 2260 videlicet
429 2207 461 2258 et
499 2198 607 2273 passio
646 2199 835 2259 recoluntur
874 2201 997 2276 ubique

239 2297 336 2358 hodie
365 2297 398 2356 in
427 2306 539 2356 sancta
567 2297 722 2356 ecclesia:
752 2307 785 2356 et
812 2298 934 2358 habent
963 2299 997 2356 in

202 2413 275 2456 aose
298 2412 413 2472 magna
434 2396 600 2472 mysteria,
624 2413 642 2454 a
663 2395 785 2456 sanctis
807 2395 996 2455 doctoribus

238 2494 443 2554 sufficienter
456 2510 621 2569 expressa.
645 2493 727 2553 Nam
743 2503 847 2554 status
863 2503 995 2554 sanctae

238 2591 398 2652 ecclesiae
421 2591 453 2650 in
476 2591 528 2650 his
544 2591 671 2651 duobus
686 2591 888 2668 designatur:
913 2607 994 2667 quae

238 2707 296 2765 per
317 2705 473 2765 prospera
495 2699 527 2748 et
548 2689 686 2748 adversa
706 2689 791 2748 solet
810 2706 828 2747 a
844 2688 916 2749 Deo
934 2689 1011 2748 fre·
1044 2737 1045 2754 t

237 2797 376 2863 quenter
402 2786 558 2847 exerceri.
603 2785 776 2846 Processio
798 2803 883 2862 quae
906 2787 994 2847 laeti·

201 2885 313 2944 astiam
336 2885 488 2960 praefert,
510 2884 583 2944 ideo
607 2883 641 2943 iit
663 2893 695 2944 et
717 2884 901 2944 celebratur
920 2902 991 2945 cum

238 2982 337 3042 ramis
366 2984 562 3058 palmarum:
591 2984 630 3042 ad
659 2982 866 3042 excitandum
898 2983 993 3043 corda

238 3079 381 3139 fidelium
412 3080 444 3140 in
473 3097 617 3140 amorem
645 3079 834 3140 caelestium
862 3080 992 3157 gaudio-

238 3195 319 3238 rum.
372 3177 435 3238 Sed
467 3178 528 3237 ista
559 3178 727 3254 processio
759 3189 836 3238 tunc
867 3178 992 3254 perfec·
1043 3195 1044 3231 t

236 3275 363 3336 tissime
384 3275 586 3351 implebitur:
606 3276 735 3352 quando
758 3293 874 3336 omnes
890 3274 990 3335 sancti

199 3372 366 3434 aoexcitati
396 3389 413 3430 a
442 3373 580 3433 mortuis
606 3383 779 3434 occurrent
802 3373 938 3434 Christo
960 3373 990 3431 in

236 3486 311 3528 aera
330 3487 404 3528 cum
426 3471 617 3546 corporibus
630 3471 793 3548 gloriosis,
824 3470 916 3531 Tunc
938 3487 998 3530 an·
1042 3451 1043 3525 i

593 3573 634 3616 27⁰
