2114 4168
86 569 229 646 Thema,
257 569 394 646 impetra
422 571 556 648 gratiam
586 571 691 631 servis
719 572 784 631 tuis
808 581 845 656 ¹et

86 669 120 729 in
149 668 289 728 adventu
313 666 449 729 districti
477 668 594 729 iudicis
617 677 685 729 asta
707 667 846 728 fideliter

87 766 272 827 iudicandis
292 783 365 825 cum
382 765 568 827 interventu
583 765 655 842 piae
672 766 733 826 Dei
749 783 845 843 gene·

86 864 180 926 tricis
195 863 320 924 Mariae
335 862 482 939 virginis,
504 863 599 923 cuius
622 863 746 925 fructus
768 881 845 924 ven·

87 962 149 1023 tris
171 961 378 1022 aeternaliter
399 960 441 1021 sit
462 960 664 1021 benedictus.
695 960 811 1021 Amen.
854 981 868 1022 ⁵

394 1147 544 1208 Collecto.

203 1301 279 1375 Eus‚
294 1300 348 1377 qui
365 1300 459 1360 beato
470 1297 615 1360 Thomae
630 1299 775 1377 apostolo
791 1309 846 1358 tuo

222 1408 296 1475 post
326 1398 602 1458 resurrectionem
633 1406 721 1458 tuam
753 1415 846 1475 appa-

87 1495 184 1555 ruisti
214 1505 246 1555 et
275 1495 304 1555 ei
330 1497 502 1556 vulnerum
525 1506 656 1556 tuorum
679 1494 847 1555 cicatrices

88 1593 130 1653 ad
150 1593 345 1670 palpandum
361 1595 518 1671 praebere
534 1594 683 1670 dignatus
699 1609 751 1652 es:
772 1609 847 1652 con·
859 1607 883 1648 ro

89 1691 173 1752 cede
195 1691 290 1752 nobis
312 1691 464 1769 gloriosis
486 1691 558 1752 eius
580 1689 706 1750 meritis
728 1699 760 1750 et
776 1708 848 1767 pre·

89 1785 187 1850 cibus
210 1789 305 1850 fidem
329 1799 449 1849 rectam
473 1787 609 1848 firmiter
623 1799 736 1849 tenere
752 1797 847 1865 atque

89 1888 257 1967 passionis
285 1896 359 1948 tuae
389 1904 481 1947 sacra
509 1887 658 1963 stigmata
683 1887 716 1947 in
738 1895 848 1946 mente

91 1987 212 2064 iugiter
233 1997 377 2064 portare,
399 1994 560 2062 quatenus
582 1993 636 2044 tua
662 1994 773 2046 sancta
794 2001 848 2044 ve·
875 1974 883 1988 ’

89 2083 188 2161 stigia
205 2083 373 2160 sequendo
389 2083 428 2143 ad
443 2081 694 2142 resurrectionis
713 2082 847 2159 gloriam
859 2098 884 2140 ιε

89 2181 266 2259 pervenire
282 2198 476 2241 mereamur.
504 2179 569 2256 Qui
585 2180 670 2241 vivis
686 2191 717 2241 et
733 2198 848 2258 regnas

93 2281 198 2340 Deus,

396 2376 547 2438 Collecto.

206 2528 327 2590 Omine
359 2529 433 2589 lesu
466 2528 616 2604 Christe,
651 2528 849 2588 illuminator

225 2626 337 2687 mundi
375 2636 407 2687 et
442 2627 533 2687 dator
567 2627 652 2687 vitae
688 2635 885 2702 aeternae‚ao

91 2725 148 2804 qui
180 2725 274 2785 beato
306 2725 450 2785 Thomae
482 2724 628 2800 apostolo
664 2740 700 2783 ac
731 2723 849 2783 dilecto

92 2824 255 2899 discipulo
284 2832 339 2884 tuo
368 2823 401 2882 in
431 2839 512 2899 cena
533 2821 740 2898 respondisti.
783 2821 849 2898 Ego

92 2940 167 2983 sum
183 2921 246 2997 via,
261 2919 381 2981 veritas
397 2930 429 2979 et
444 2919 519 2994 vita,
537 2918 686 2979 danobis
702 2918 848 2978 eiusdem

92 3017 294 3080 sanctissimi
324 3017 459 3093 apostoli
487 3017 533 3077 tui
555 3015 850 3077 intervenientibus

83 3115 221 3198 *meritis
242 3132 301 3192 per
318 3114 529 3175 humanitatis
544 3123 618 3175 tuae
633 3114 885 3174 humilitatemzs

93 3215 133 3275 ad
164 3213 342 3274 divinitatis
364 3213 542 3276 ascendere
564 3213 766 3274 maiestatem
788 3229 849 3272 nec

92 3330 160 3374 non
191 3310 342 3372 caelestis
368 3327 502 3371 mensae
524 3311 557 3370 in
580 3327 680 3387 regno
702 3319 757 3369 tuo
780 3327 849 3386 par-

93 3410 211 3488 ticipes
234 3408 330 3470 effici.
370 3409 436 3486 Qui
459 3409 544 3470 vivis
566 3418 598 3470 et
619 3425 735 3485 regnas
759 3408 849 3468 Deus

92 3526 153 3586 per
182 3506 291 3567 omnia
318 3506 449 3567 saecula
475 3507 690 3567 saeculorum.
732 3506 849 3566 Amen.

453 3612 490 3652 391
