2122 4196
234 443 275 494 653
307 440 478 484 ΜΕΒΙΤΑΤΙΟ
494 441 533 482 DE
549 440 780 484 INCARNATIONE
795 441 919 484 CHRISTI
953 442 1005 492 ἴς.)

236 577 326 637 nium
350 576 522 636 Dominus.
565 577 623 636 llle
645 576 771 636 amicus
798 577 926 653 sponsi:
957 589 1000 636 tu

235 691 377 750 sponsus
406 674 576 734 ecclesiae.
619 674 678 734 llle
706 675 864 751 propheta
893 673 1001 734 Altis-

236 771 327 832 simi:
349 782 383 831 tu
406 771 594 848 unigenitus
617 771 704 832 lilius
720 773 781 831 Dei
798 783 1000 833 coaeternus
1050 805 1051 830 1

237 870 308 929 Deo
331 868 427 930 Patri.
471 869 529 928 llle
559 878 723 945 tamquam
753 871 870 930 lucifer
891 881 1000 932 matu-

213 969 325 1030 stinus
346 979 378 1030 te
400 968 580 1044 praecessit
595 968 680 1028 viam
697 968 934 1043 praeparando:
955 978 997 1028 tu

237 1065 321 1127 sicut
342 1067 391 1126 sol
414 1066 551 1126 rutilans
575 1075 710 1124 secutus
733 1082 769 1124 es
791 1082 922 1125 omnem
945 1066 999 1126 iu-

236 1162 355 1223 stitiam
388 1163 564 1240 implendo.
614 1162 680 1239 Qui
713 1173 745 1223 et
775 1163 888 1223 beatos
919 1179 998 1239 apo-

237 1261 339 1321 stolos
367 1271 441 1322 tuos
471 1271 636 1337 tamquam
659 1261 784 1319 solares
805 1260 914 1319 radios
935 1260 998 1320 mi·

237 1359 308 1419 sisti
332 1359 364 1418 in
380 1360 492 1418 orbem
514 1356 723 1417 universum:
746 1357 784 1417 ad
807 1358 997 1433 praedican-

204 1457 313 1516 rodum
350 1455 424 1515 lidei
461 1455 572 1516 lumen
609 1455 738 1516 cunctis
772 1455 925 1531 gentibus
960 1457 995 1515 in

237 1554 386 1615 salutem.

144 1686 221 1718 airzi
279 1653 389 1712 Habes
411 1653 516 1713 adhuc
539 1650 625 1710 aliud
648 1649 871 1710 testimonium
887 1650 995 1710 maius

138 1740 392 1825 liggpiglohanne.
437 1749 533 1810 Pater
562 1750 649 1809 enim
673 1749 713 1808 de
736 1749 836 1808 caelis
857 1759 995 1809 testatur

238 1848 361 1908 dicens.
398 1848 461 1908 Hic
484 1859 534 1909 est
558 1847 644 1908 lilius
666 1864 761 1907 meus
783 1848 938 1908 dilectus:
961 1849 993 1907 in

204 1962 302 2021 isquo
324 1945 404 2005 mihi
428 1945 619 2021 complacui.
649 1944 790 2020 Spiritus
812 1955 945 2006 sanctus
961 1947 993 2006 in

238 2042 408 2103 columbae
430 2043 540 2118 specie
563 2059 737 2119 apparens:
765 2061 865 2120 super
887 2054 918 2104 te
940 2043 994 2103 de-

239 2140 365 2200 scendit
387 2157 424 2199 ac
440 2140 569 2200 mansit.
600 2139 647 2199 Tu
664 2158 821 2216 praesens
836 2141 870 2201 in
886 2158 995 2216 carne,

239 2247 377 2315 quantae
406 2237 527 2314 gloriae
550 2254 644 2297 esses
666 2255 702 2297 ac
725 2239 888 2313 potentiae
918 2238 995 2299 fide·
1053 2279 1054 2304 t

239 2337 365 2397 lissimo
394 2336 499 2395 amico
523 2335 657 2395 Iohanni
688 2335 785 2396 altius
807 2336 995 2398 declarasti:

203 2436 282 2496 20ita
304 2445 339 2494 ut
360 2450 437 2510 prae
460 2432 681 2509 magnitudine
704 2444 780 2492 tunc
803 2433 865 2493 sibi
892 2434 995 2494 factae

240 2532 467 2606 revelationis,
509 2530 649 2605 priorem
693 2532 739 2606 tui
776 2532 994 2608 cognitionem

240 2646 336 2706 quam
367 2638 553 2705 acceperat,
581 2628 689 2703 potius
711 2629 924 2705 ignorantiam
947 2648 996 2691 re-

241 2737 358 2804 putans
380 2726 512 2786 diceret.
557 2723 595 2784 Et
616 2741 676 2801 ego
698 2727 885 2786 nesciebam
911 2744 996 2788 eum.

242 2824 271 2886 Ο
290 2825 395 2885 virum
419 2824 588 2885 sanctitate
612 2824 936 2901 excellentissimum,
957 2828 996 2885 ad

205 2935 305 2985 astam
328 2924 493 3000 singulare
516 2922 779 3000 altissimumque
804 2923 995 2984 intuendum

242 3020 434 3099 mysterium
456 3019 622 3080 Trinitatis
644 3020 881 3096 praeelectum;
904 3021 996 3081 cuius

242 3117 307 3177 vita
329 3127 361 3176 et
385 3133 493 3192 mors,
522 3116 702 3192 baptismus
731 3127 763 3176 et
784 3117 996 3193 praedicatio:

242 3215 288 3274 tui
316 3215 475 3274 adventus
497 3214 531 3274 in
553 3231 668 3289 carne,
699 3215 872 3274 verissima
894 3215 997 3276 extitit

243 3312 437 3373 testificatio.

132 3443 232 3476 arrivs.
284 3410 401 3470 Veniat
430 3427 516 3470 nunc
545 3411 754 3472 beatissimus
784 3412 893 3470 Petrus
924 3428 996 3487 apo-

245 3508 358 3582 stolus,
387 3507 532 3567 fervidus
554 3519 677 3567 amator
699 3519 784 3583 tuus
807 3519 838 3568 et
860 3509 997 3569 devotus

609 3613 635 3654 ³4
