2128 4190
224 426 264 478 &3
283 425 457 477 [SERMONES
469 425 508 468 DE
518 425 585 468 VITA
597 424 632 467 ET
643 424 792 469 PASSIONE
803 425 929 480 DOMINI]
945 425 984 478 Z&

224 559 411 636 Stephanus
434 569 524 620 esset
545 560 720 636 lapidatus:
750 559 811 619 viri
840 559 980 620 timorati

223 666 256 717 et
292 656 405 718 iideles
442 657 592 718 iecerunt
626 658 790 733 planctum
828 673 979 733 magnum

223 772 323 831 super
358 772 444 816 eum.
495 755 534 815 Et
564 771 641 814 ecce
672 754 776 814 maior
806 753 982 830 Stephano,

222 852 322 912 immo
352 869 429 928 prae
458 852 610 912 omnibus
641 851 763 911 sanctis
794 861 979 912 sanctorum

199 950 385 1010 smaximus
407 951 527 1026 pendet
549 950 581 1009 in
605 949 691 1027 ligno
714 950 822 1010 crucis
837 949 979 1010 vulneri-

222 1049 283 1107 bus
301 1049 436 1124 plcnus3
458 1058 490 1108 et
505 1048 579 1108 ideo
595 1047 711 1108 merito
727 1047 902 1106 condolere
917 1046 979 1106 sibi

222 1145 319 1205 debet
340 1146 448 1206 omnis
471 1145 593 1205 fidelis:
623 1145 681 1205 sed
710 1144 885 1221 praecipue
907 1145 980 1204 reli-

220 1242 333 1319 giosus
365 1244 504 1304 devotus
540 1244 672 1303 saeculo
704 1243 880 1303 abdicatus.
931 1243 980 1301 ln·

221 1350 313 1401 tuere
336 1341 434 1417 igitur
455 1341 597 1417 primum
613 1358 708 1417 quam
725 1339 867 1417 graviter
882 1337 979 1399 Chri·

187 1447 292 1498 tostus
327 1456 445 1514 passus
476 1449 526 1499 est
561 1450 594 1499 et
623 1439 814 1498 vulneratus
845 1437 877 1496 in
909 1437 980 1496 suis

221 1535 381 1612 speciosis
403 1553 439 1595 ac
463 1536 593 1596 mundis
615 1534 754 1611 pedibus
775 1534 896 1611 quibus
921 1551 981 1610 per

220 1643 339 1694 terram
363 1650 461 1710 saepe
484 1633 636 1710 fatigatus
650 1632 828 1692 ambulavit
842 1631 978 1693 verbum

221 1731 282 1791 Dei
294 1731 525 1807 praedicando:
541 1748 615 1790 cum
627 1731 746 1808 quibus
759 1732 863 1791 undas
879 1729 978 1790 maris

221 1829 356 1891 calcavit
384 1829 456 1889 sinc
478 1828 624 1904 navigio,
652 1828 724 1888 sinc
753 1830 896 1889 humano
925 1827 978 1887 ad-

187 1927 340 1988 isiutorio
355 1926 605 1988 transfretando.
638 1926 721 1986 Nam
744 1943 782 1986 ea
804 1926 924 1986 virtute
948 1935 979 1986 et

221 2036 380 2103 potestate
410 2025 519 2085 divina
548 2041 611 2101 qua
640 2024 749 2085 omnia
777 2024 916 2084 creavit:
948 2034 979 2083 et

221 2124 328 2184 ventis
350 2140 387 2183 ac
410 2121 490 2182 mari
513 2121 685 2198 imperare,
707 2131 740 2181 et
760 2122 799 2181 ad
815 2138 911 2181 usum
927 2121 979 2180 sui

221 2222 341 2282 habere
371 2220 484 2297 potuit.
527 2219 591 2279 Sed
614 2220 678 2278 heu
701 2236 798 2296 quam
821 2218 979 2278 mirabilis

221 2335 329 2379 rerum
353 2317 503 2378 mutatio:
526 2325 558 2376 et
579 2333 675 2393 quam
698 2316 979 2393 incomprehensi-

183 2418 295 2477 2obilis
319 2416 380 2477 Dei
410 2413 630 2491 dispensatio;
659 2415 745 2491 quod
773 2423 886 2474 auctor
911 2431 979 2472 om-

221 2515 311 2575 nium
342 2524 562 2574 creaturarum
593 2523 625 2572 et
652 2529 802 2572 summus
831 2511 980 2572 medicus

221 2613 402 2673 animarum
426 2622 459 2672 et
480 2627 665 2687 corporum,
687 2609 741 2686 qui
758 2610 879 2669 multos
895 2609 980 2668 ciao-

221 2712 280 2771 dos
310 2723 344 2771 et
374 2719 523 2786 aegrotos
556 2707 633 2768 iecit
661 2707 769 2767 subito
797 2708 979 2767 ambulare:

221 2825 308 2868 nunc
331 2818 395 2868 tam
419 2806 572 2866 ferociter
598 2805 632 2864 in
654 2804 792 2881 pedibus
819 2804 889 2864 suis
911 2804 980 2864 vul·

185 2915 370 2979 coneretur,
399 2914 462 2963 tam
495 2902 621 2963 fortiter
646 2902 763 2962 ferreis
785 2903 887 2962 clavis
908 2919 980 2978 per·

222 3003 361 3078 foratur3
391 3012 426 3062 ut
454 3017 515 3060 nec
545 3001 699 3060 incedere
721 3000 853 3077 quidem
876 3001 981 3061 valeat

221 3116 328 3176 neque
360 3116 396 3159 sc
428 3115 580 3158 movere:
617 3098 674 3158 sed
711 3097 813 3158 instar
843 3098 978 3175 pessimi

221 3197 356 3257 latronis
379 3196 470 3257 duris
485 3196 627 3256 vinculis
649 3205 778 3256 tenetur
800 3195 889 3255 cruci
912 3195 979 3255 alli-

220 3305 323 3371 gatus.
359 3293 426 3354 Tali
451 3294 560 3371 itaque
582 3311 687 3371 poena
708 3293 852 3370 perfixus
875 3303 926 3354 est
947 3293 980 3353 in

185 3402 360 3469 soutroque
396 3393 479 3468 pede
515 3391 675 3451 innocens
711 3391 887 3467 Christus3
925 3392 980 3467 qui

221 3489 401 3549 secundum
429 3491 619 3564 prophetam
647 3489 744 3549 solvit
765 3488 979 3565 compeditos,

579 3595 620 3635 242
