2144 4194
226 432 267 482 &s
284 430 457 481 [SERMONES
469 431 507 472 DE
518 430 584 473 vlla
596 431 630 474 ET
642 431 791 474 PASSIONE
804 431 931 484 DOMINI]
948 432 994 484 ω

228 565 367 624 ecclesia
382 564 581 625 institutum:
597 566 749 627 omnibus
766 564 891 627 Christi
909 564 992 624 lide-

228 663 313 722 libus
329 663 468 724 maxime
484 674 593 723 autem
610 664 773 741 religiosis
785 664 902 723 devote
914 679 991 722 sus·

228 761 424 836 cipiendum.
468 761 629 837 Praepara
651 778 727 837 ergo
749 770 782 821 te
804 777 900 820 serve
924 761 989 820 Dei

228 859 260 918 in
283 860 345 919 boc
360 869 508 935 tempore
523 859 562 919 ad
578 859 782 919 emendatius
797 858 990 932 vivendum,

204 957 266 1016 sad
288 955 434 1017 strictius
455 955 686 1031 ieiunandum,
714 956 754 1015 ad
780 955 990 1033 frequentius

228 1055 396 1129 orandum,
411 1053 450 1113 ad
466 1053 655 1130 diligentius
670 1053 891 1130 psallendum;
908 1070 989 1130 qua·

226 1162 323 1212 tenus
346 1161 378 1212 et
399 1151 432 1211 in
455 1151 507 1211 die
524 1151 716 1212 Dominicae
732 1149 989 1211 resurrectionis

227 1258 316 1310 tanto
331 1248 472 1325 amplius
487 1266 562 1308 cum
578 1249 720 1309 Domino
736 1248 895 1308 merearis
909 1265 988 1326 gau-

227 1347 321 1407 dere:
350 1357 471 1424 quanto
500 1363 588 1406 nunc
613 1345 831 1406 abstinentius
853 1345 988 1406 vixeris.

194 1461 217 1501 ιο
228 1444 366 1521 Suscipe
388 1444 545 1504 laetanter
567 1460 698 1504 crucem
715 1443 865 1503 Domini:
888 1460 987 1522 quam

227 1551 343 1618 sponte
372 1558 430 1617 pro
459 1550 491 1601 te
514 1540 662 1601 Salvator
691 1540 803 1600 mundi
829 1541 987 1617 suscepit.

227 1640 311 1700 Nam
343 1656 422 1699 crux
451 1647 501 1699 est
530 1639 638 1698 omnis
667 1637 800 1698 afflictio
823 1638 932 1698 carnis
954 1649 988 1698 et

227 1737 391 1814 quaelibet
412 1736 617 1797 mortificatio
639 1736 879 1811 sensualitatis;
901 1753 987 1813 quae

227 1852 359 1910 semper
373 1834 516 1895 edomari
532 1834 644 1895 debet:
659 1851 702 1894 ne
716 1835 877 1894 adversus
891 1833 986 1909 spiri-

194 1943 294 1992 istum
317 1932 510 2009 praevaleat.
548 1931 640 1990 Hanc
663 1948 794 1991 crucem
818 1932 925 1990 levem
947 1948 986 1990 ac

227 2031 356 2091 dulcem
380 2030 456 2091 lacit
471 2047 562 2090 amor
584 2039 616 2090 et
637 2029 738 2106 gratia
761 2028 907 2090 Christi:
929 2029 986 2104 qui

228 2144 288 2187 suo
311 2137 342 2187 et
364 2145 498 2187 suorum
522 2127 672 2202 exemplo
694 2135 895 2200 sanctorum,
924 2125 989 2184 ior-

227 2243 313 2285 mam
336 2225 465 2285 tradidit
487 2224 680 2284 abstinendi.
711 2223 761 2282 Ne
777 2238 854 2298 ergo
871 2221 989 2282 timeas
1069 2223 1070 2228 ’

227 2323 325 2383 homo
342 2322 481 2398 fragilis:
504 2338 565 2381 nec
587 2322 626 2381 ad
649 2319 861 2380 ieiunandum
885 2319 986 2395 pusil-

189 2420 357 2480 2olanimis
379 2421 510 2481 existas.
554 2419 710 2482 Christus
734 2418 769 2478 in
798 2429 987 2479 causaest:

227 2517 382 2579 Christus
393 2517 579 2594 exemplum
595 2516 699 2592 dedit3
716 2515 872 2577 Christus
888 2515 986 2576 etiam
1068 2563 1069 2582 .

226 2616 265 2674 ad
293 2615 528 2691 perficiendum
559 2614 642 2675 bene
672 2613 812 2673 iuvabit:
841 2612 897 2689 qui
921 2623 985 2672 tam

226 2729 335 2772 sacras
366 2713 591 2773 observantias
620 2710 769 2771 instituit.
813 2710 897 2771 Nam
927 2729 985 2787 pro

225 2820 256 2869 te
279 2820 330 2870 est
352 2811 438 2887 quod
460 2811 545 2887 agis:
572 2827 629 2885 pro
652 2818 706 2869 tua
728 2809 834 2868 salute
856 2808 985 2869 laboras

188 2926 298 2968 ascum
322 2909 458 2969 ieiunas.
489 2908 577 2985 Quid
600 2907 743 2983 trepidas
765 2922 839 2965 caro
863 2914 895 2966 et
912 2924 985 2967 san·

224 3006 324 3083 guis?
365 3006 559 3066 Habuerunt
581 3005 677 3064 etiam
701 3020 831 3063 carnem
855 3013 888 3063 et
911 3021 984 3064 san-

224 3103 355 3180 guinem
384 3103 486 3162 sancti
516 3102 668 3162 homines
697 3101 840 3177 priores:
871 3103 983 3162 multis

224 3200 425 3275 temporibus
455 3200 487 3259 in
517 3198 712 3259 abstinentia
741 3197 902 3258 viventes.
949 3199 982 3260 Si

224 3315 289 3357 non
312 3307 400 3357 esset
428 3296 619 3357 afflictivum
649 3295 791 3371 corpori,
820 3311 882 3355 nec
906 3313 982 3357 one-

186 3412 334 3458 aorosum
364 3405 515 3469 naturae3
546 3409 610 3470 quo
640 3392 736 3452 modo
763 3391 929 3453 diceretur
951 3405 982 3455 et

223 3500 311 3553 esset
326 3500 455 3567 tempus
471 3489 715 3566 paenitentiae?
742 3489 980 3551 Paenitentiam

583 3594 620 3634 raa
