2122 4196
233 438 274 490 ns
291 435 463 490 [sermones
476 437 514 478 br
524 436 591 479 vnn
603 435 638 478 ετ
649 434 797 478 msstona
809 435 937 489 bonnm]
953 436 994 488 [a

235 589 307 632 rum
328 581 473 647 patrum,
495 572 535 632 de
557 570 747 631 caelestium
768 571 993 647 profunditate

235 671 484 747 mysteriorum,
507 669 547 729 de
569 669 768 730 revelatione
789 668 992 729 futurorum:

235 767 374 843 amplius
390 777 497 828 autem
514 768 554 828 de
569 766 800 843 adimpletione
820 767 992 827 omnium

236 865 484 941 promissorum.

213 982 226 1021 5
278 963 479 1040 Frequenter
501 962 596 1023 etiam
614 972 645 1022 et
660 962 820 1023 instanter
834 972 883 1023 est
899 980 993 1023 oran·

236 1062 324 1137 dum,
345 1071 380 1122 ut
401 1061 539 1121 affectus
562 1070 674 1121 noster
695 1061 733 1121 ad
750 1058 921 1121 Christum
944 1060 993 1118 in·

235 1159 314 1220 time
336 1160 496 1220 trahatur:
519 1167 550 1219 et
572 1158 758 1219 intellectus
773 1156 992 1233 spiritualium

237 1275 345 1318 rerum
362 1274 435 1316 cum
453 1257 621 1332 prophetis
636 1255 731 1317 nobis
741 1255 913 1331 aperiatur.
936 1253 992 1314 Sic

237 1355 323 1416 enim
353 1355 386 1416 in
408 1354 572 1431 agnitione
595 1353 651 1413 filii
671 1353 732 1413 Dei
755 1352 915 1428 prolicere
937 1370 992 1429 po·

202 1454 383 1529 tulerimus,
399 1463 430 1513 et
446 1453 480 1513 in
491 1451 665 1512 virtutibus
676 1450 816 1527 amplius
827 1467 992 1511 crescere:

236 1552 291 1628 qui
314 1568 372 1628 pro
394 1560 506 1610 nostra
526 1551 631 1609 salute
653 1549 872 1625 dignatusest
893 1551 993 1609 homo

237 1649 317 1710 fieri.
347 1649 454 1726 Quam
477 1647 721 1708 excusationem
744 1646 867 1722 poteris
885 1646 994 1707 anima

237 1764 309 1808 mea
338 1746 569 1822 praetendere3
599 1745 626 1804 si
659 1753 778 1804 tantam
808 1745 994 1820 neglexeris

236 1845 369 1922 gratiam
400 1843 571 1920 cogitare?
600 1841 688 1919 Quid
708 1841 839 1918 inquam
856 1840 993 1902 Christo

203 1943 271 2003 isin
307 1943 415 2003 futuro
452 1941 682 2017 respondebis3
724 1939 751 1999 si
788 1957 852 1999 non
890 1940 995 2001 fueris

237 2052 325 2117 grata
353 2039 451 2100 tantis
480 2038 666 2113 beneficiiS,
695 2037 814 2114 quibus
840 2049 873 2099 te
902 2057 994 2115 prae-

238 2139 362 2215 rogavit
390 2156 467 2214 prae
489 2136 600 2197 multis
621 2136 773 2213 gentibus
795 2146 827 2196 et
848 2136 996 2213 linguis?

238 2237 360 2314 Quanti
384 2236 471 2296 enim
502 2237 634 2297 luerunt
656 2235 711 2312 qui
735 2234 906 2296 Christum
931 2253 996 2296 non

238 2333 477 2411 cognoverunt:
493 2351 553 2394 nec
569 2334 609 2393 de
620 2332 676 2393 illo
687 2332 868 2408 audierunt,
884 2333 996 2408 quanti

200 2433 334 2493 roetiam
360 2432 415 2508 qui
438 2440 707 2506 contempserunt
729 2440 761 2490 et
782 2430 918 2490 credere
940 2449 996 2491 no-

238 2531 378 2590 luerunt.
405 2528 475 2590 Tibi
492 2539 600 2589 autem
617 2528 725 2587 datum
742 2536 871 2588 estnon
888 2529 995 2588 solum
1017 2555 1022 2572 ·

239 2628 372 2688 credere
404 2636 435 2687 et
464 2626 592 2686 audire:
624 2624 683 2685 sed
715 2623 811 2685 etiam
846 2641 932 2701 quae
957 2625 995 2685 de

239 2726 373 2787 Christo
390 2725 509 2800 scripta
525 2733 601 2783 sunt
617 2732 648 2782 et
664 2723 863 2798 prophetata,
886 2723 996 2799 legere

238 2842 274 2884 ac
296 2824 486 2900 intellegere
530 2820 583 2881 Sis
612 2820 710 2897 igitur
731 2821 771 2879 de
794 2818 995 2881 exhibitione

200 2949 228 2990 25
237 2922 349 2982 talium
365 2919 599 2982 beneficiorum
617 2919 687 2977 Deo
702 2928 806 2994 grata:
823 2918 904 2978 etin
921 2936 995 2979 con-

238 3020 436 3081 sideratione
465 3034 600 3094 operum
629 3016 812 3077 divinorum
840 3017 995 3076 studiosa.

237 3118 353 3178 Totum
376 3117 488 3193 utique
511 3126 561 3176 est
583 3116 716 3191 plenum
732 3115 848 3191 spiritu
865 3126 898 3176 et
912 3115 995 3176 veri-

237 3225 318 3291 tate3
349 3224 451 3275 totum
474 3215 607 3290 plenum
630 3230 740 3273 amore
763 3222 794 3273 et
817 3213 995 3273 suavitate:

238 3312 394 3388 quidquid
423 3313 464 3372 de
495 3312 629 3373 Christo
658 3311 812 3372 scribitur
840 3311 892 3370 vel
923 3328 995 3370 can·

201 3418 330 3471 sotatur.
361 3409 436 3470 Non
458 3410 551 3470 deest
571 3408 706 3470 materia
721 3409 924 3468 exercendae
943 3408 995 3468 de·

238 3507 395 3567 votionis:
416 3523 476 3568 nec
492 3517 621 3583 tempus
637 3523 748 3566 sacrae
764 3505 994 3566 meditationis.

601 3613 628 3652 64
