<?xml version="1.0" encoding="UTF-8"?>
<!DOCTYPE html PUBLIC "-//W3C//DTD XHTML 1.0 Transitional//EN"
    "http://www.w3.org/TR/xhtml1/DTD/xhtml1-transitional.dtd">
<html xmlns="http://www.w3.org/1999/xhtml" xml:lang="en" lang="en">
 <head>
  <title>
</title>
<meta http-equiv="Content-Type" content="text/html;charset=utf-8" />
  <meta name='ocr-system' content='tesseract 3.04.00' />
  <meta name='ocr-capabilities' content='ocr_page ocr_carea ocr_par ocr_line ocrx_word'/>
</head>
<body>
  <div class='ocr_page' id='page_1' title='image "./thomaehemerkena01pohlgoog_0244.png"; bbox 0 0 2128 4190; ppageno 0'>
   <div class='ocr_carea' id='block_1_1' title="bbox 70 431 834 484">
    <p class='ocr_par' dir='ltr' id='par_1_1' title="bbox 70 431 834 484">
     <span class='ocr_line' id='line_1_1' title="bbox 70 431 834 484; baseline 0 0"><span class='ocrx_word' id='word_1_1' title='bbox 70 431 834 484; x_wconf 54' lang='lat' dir='ltr'>ffiffiffiffitaerfflfflww</span> 
     </span>
    </p>
   </div>
   <div class='ocr_carea' id='block_1_2' title="bbox 71 564 876 3475">
    <p class='ocr_par' dir='ltr' id='par_1_2' title="bbox 71 564 876 3475">
     <span class='ocr_line' id='line_1_2' title="bbox 72 564 832 640; baseline -0.003 -15"><span class='ocrx_word' id='word_1_2' title='bbox 72 564 204 626; x_wconf 86' lang='lat' dir='ltr'>Christi</span> <span class='ocrx_word' id='word_1_3' title='bbox 221 564 408 640; x_wconf 85' lang='lat' dir='ltr'>liberamur,</span> <span class='ocrx_word' id='word_1_4' title='bbox 423 582 481 640; x_wconf 91' lang='lat' dir='ltr'>per</span> <span class='ocrx_word' id='word_1_5' title='bbox 496 564 692 640; x_wconf 86' lang='lat' dir='ltr'>baptismum</span> <span class='ocrx_word' id='word_1_6' title='bbox 707 564 832 626; x_wconf 85' lang='lat' dir='ltr'>Christi</span> 
     </span>
     <span class='ocr_line' id='line_1_3' title="bbox 71 662 834 739; baseline -0.001 -17"><span class='ocrx_word' id='word_1_7' title='bbox 71 664 288 723; x_wconf 86' lang='lat' dir='ltr'>mundamur:</span> <span class='ocrx_word' id='word_1_8' title='bbox 299 680 358 739; x_wconf 86' lang='lat' dir='ltr'>per</span> <span class='ocrx_word' id='word_1_9' title='bbox 368 673 506 723; x_wconf 86' lang='lat' dir='ltr'>mortem</span> <span class='ocrx_word' id='word_1_10' title='bbox 517 662 641 724; x_wconf 88' lang='lat' dir='ltr'>Christi</span> <span class='ocrx_word' id='word_1_11' title='bbox 653 663 692 722; x_wconf 94' lang='lat' dir='ltr'>ab</span> <span class='ocrx_word' id='word_1_12' title='bbox 703 672 834 722; x_wconf 82' lang='lat' dir='ltr'>aeterna</span> 
     </span>
     <span class='ocr_line' id='line_1_4' title="bbox 71 760 834 837; baseline -0.001 -17"><span class='ocrx_word' id='word_1_13' title='bbox 71 771 182 821; x_wconf 92' lang='lat' dir='ltr'>morte</span> <span class='ocrx_word' id='word_1_14' title='bbox 198 761 371 821; x_wconf 87' lang='lat' dir='ltr'>salvamur.</span> <span class='ocrx_word' id='word_1_15' title='bbox 401 760 477 821; x_wconf 90' lang='lat' dir='ltr'>Sive</span> <span class='ocrx_word' id='word_1_16' title='bbox 494 776 570 837; x_wconf 84' lang='lat' dir='ltr'>ergo</span> <span class='ocrx_word' id='word_1_17' title='bbox 587 761 711 821; x_wconf 87' lang='lat' dir='ltr'>dicatur</span> <span class='ocrx_word' id='word_1_18' title='bbox 725 761 834 837; x_wconf 86' lang='lat' dir='ltr'>passio</span> 
     </span>
     <span class='ocr_line' id='line_1_5' title="bbox 73 857 835 934; baseline -0.003 -15"><span class='ocrx_word' id='word_1_19' title='bbox 73 857 224 933; x_wconf 89' lang='lat' dir='ltr'>Christi,</span> <span class='ocrx_word' id='word_1_20' title='bbox 253 859 324 918; x_wconf 89' lang='lat' dir='ltr'>sive</span> <span class='ocrx_word' id='word_1_21' title='bbox 346 858 479 934; x_wconf 84' lang='lat' dir='ltr'>sanguis</span> <span class='ocrx_word' id='word_1_22' title='bbox 502 857 638 933; x_wconf 86' lang='lat' dir='ltr'>Christi,</span> <span class='ocrx_word' id='word_1_23' title='bbox 663 858 733 918; x_wconf 92' lang='lat' dir='ltr'>sive</span> <span class='ocrx_word' id='word_1_24' title='bbox 756 876 835 918; x_wconf 83' lang='lat' dir='ltr'>crux</span> 
     </span>
     <span class='ocr_line' id='line_1_6' title="bbox 73 954 858 1032; baseline -0.004 -15"><span class='ocrx_word' id='word_1_25' title='bbox 73 954 224 1031; x_wconf 68' lang='lat' dir='ltr'>Christi,</span> <span class='ocrx_word' id='word_1_26' title='bbox 240 956 310 1016; x_wconf 90' lang='lat' dir='ltr'>sive</span> <span class='ocrx_word' id='word_1_27' title='bbox 329 973 417 1016; x_wconf 90' lang='lat' dir='ltr'>mors</span> <span class='ocrx_word' id='word_1_28' title='bbox 434 955 560 1017; x_wconf 88' lang='lat' dir='ltr'>Christi</span> <span class='ocrx_word' id='word_1_29' title='bbox 577 957 615 1016; x_wconf 88' lang='lat' dir='ltr'>ad</span> <span class='ocrx_word' id='word_1_30' title='bbox 631 956 716 1016; x_wconf 91' lang='lat' dir='ltr'>idem</span> <span class='ocrx_word' id='word_1_31' title='bbox 733 956 858 1032; x_wconf 82' lang='lat' dir='ltr'>valet35</span> 
     </span>
     <span class='ocr_line' id='line_1_7' title="bbox 72 1052 835 1130; baseline -0.003 -16"><span class='ocrx_word' id='word_1_32' title='bbox 72 1065 109 1114; x_wconf 88' lang='lat' dir='ltr'>et</span> <span class='ocrx_word' id='word_1_33' title='bbox 132 1055 196 1113; x_wconf 91' lang='lat' dir='ltr'>hoc</span> <span class='ocrx_word' id='word_1_34' title='bbox 218 1063 320 1115; x_wconf 86' lang='lat' dir='ltr'>totum</span> <span class='ocrx_word' id='word_1_35' title='bbox 343 1053 440 1113; x_wconf 91' lang='lat' dir='ltr'>simul</span> <span class='ocrx_word' id='word_1_36' title='bbox 463 1053 559 1113; x_wconf 89' lang='lat' dir='ltr'>nobis</span> <span class='ocrx_word' id='word_1_37' title='bbox 576 1052 703 1130; x_wconf 77' lang='lat' dir='ltr'>proiicit</span> <span class='ocrx_word' id='word_1_38' title='bbox 725 1054 763 1113; x_wconf 88' lang='lat' dir='ltr'>ad</span> <span class='ocrx_word' id='word_1_39' title='bbox 786 1070 835 1112; x_wconf 89' lang='lat' dir='ltr'>sa·</span> 
     </span>
     <span class='ocr_line' id='line_1_8' title="bbox 72 1150 836 1228; baseline 0 -18"><span class='ocrx_word' id='word_1_40' title='bbox 72 1153 195 1211; x_wconf 82' lang='lat' dir='ltr'>intem:</span> <span class='ocrx_word' id='word_1_41' title='bbox 228 1151 303 1228; x_wconf 92' lang='lat' dir='ltr'>quia</span> <span class='ocrx_word' id='word_1_42' title='bbox 334 1151 366 1210; x_wconf 94' lang='lat' dir='ltr'>in</span> <span class='ocrx_word' id='word_1_43' title='bbox 397 1150 567 1212; x_wconf 89' lang='lat' dir='ltr'>Christum</span> <span class='ocrx_word' id='word_1_44' title='bbox 595 1151 775 1226; x_wconf 91' lang='lat' dir='ltr'>credendo,</span> <span class='ocrx_word' id='word_1_45' title='bbox 804 1161 836 1210; x_wconf 85' lang='lat' dir='ltr'>et</span> 
     </span>
     <span class='ocr_line' id='line_1_9' title="bbox 72 1247 836 1324; baseline -0.005 -13"><span class='ocrx_word' id='word_1_46' title='bbox 72 1249 252 1311; x_wconf 87' lang='lat' dir='ltr'>Christum</span> <span class='ocrx_word' id='word_1_47' title='bbox 289 1248 445 1323; x_wconf 86' lang='lat' dir='ltr'>amando,</span> <span class='ocrx_word' id='word_1_48' title='bbox 481 1247 616 1309; x_wconf 89' lang='lat' dir='ltr'>Christo</span> <span class='ocrx_word' id='word_1_49' title='bbox 652 1249 836 1324; x_wconf 92' lang='lat' dir='ltr'>incorpora·</span> 
     </span>
     <span class='ocr_line' id='line_1_10' title="bbox 72 1345 836 1422; baseline -0.003 -15"><span class='ocrx_word' id='word_1_50' title='bbox 72 1365 154 1407; x_wconf 88' lang='lat' dir='ltr'>mur</span> <span class='ocrx_word' id='word_1_51' title='bbox 177 1357 209 1407; x_wconf 88' lang='lat' dir='ltr'>et</span> <span class='ocrx_word' id='word_1_52' title='bbox 231 1346 371 1406; x_wconf 90' lang='lat' dir='ltr'>unimur.</span> <span class='ocrx_word' id='word_1_53' title='bbox 415 1345 523 1422; x_wconf 85' lang='lat' dir='ltr'>Caput</span> <span class='ocrx_word' id='word_1_54' title='bbox 545 1347 632 1406; x_wconf 90' lang='lat' dir='ltr'>enim</span> <span class='ocrx_word' id='word_1_55' title='bbox 655 1363 713 1422; x_wconf 94' lang='lat' dir='ltr'>pro</span> <span class='ocrx_word' id='word_1_56' title='bbox 735 1363 836 1406; x_wconf 92' lang='lat' dir='ltr'>mem·</span> 
     </span>
     <span class='ocr_line' id='line_1_11' title="bbox 72 1443 872 1520; baseline -0.003 -16"><span class='ocrx_word' id='word_1_57' title='bbox 72 1443 146 1505; x_wconf 88' lang='lat' dir='ltr'>bris</span> <span class='ocrx_word' id='word_1_58' title='bbox 171 1461 303 1519; x_wconf 88' lang='lat' dir='ltr'>passum</span> <span class='ocrx_word' id='word_1_59' title='bbox 325 1454 385 1519; x_wconf 89' lang='lat' dir='ltr'>est,</span> <span class='ocrx_word' id='word_1_60' title='bbox 406 1455 502 1519; x_wconf 88' lang='lat' dir='ltr'>caput</span> <span class='ocrx_word' id='word_1_61' title='bbox 523 1461 581 1520; x_wconf 92' lang='lat' dir='ltr'>pro</span> <span class='ocrx_word' id='word_1_62' title='bbox 604 1444 760 1504; x_wconf 89' lang='lat' dir='ltr'>membris</span> <span class='ocrx_word' id='word_1_63' title='bbox 783 1444 836 1503; x_wconf 90' lang='lat' dir='ltr'>do·</span> <span class='ocrx_word' id='word_1_64' title='bbox 849 1461 872 1502; x_wconf 87' lang='lat' dir='ltr'>ro</span> 
     </span>
     <span class='ocr_line' id='line_1_12' title="bbox 73 1541 837 1618; baseline 0 -17"><span class='ocrx_word' id='word_1_65' title='bbox 73 1542 155 1602; x_wconf 88' lang='lat' dir='ltr'>luit:</span> <span class='ocrx_word' id='word_1_66' title='bbox 183 1552 278 1617; x_wconf 86' lang='lat' dir='ltr'>caput</span> <span class='ocrx_word' id='word_1_67' title='bbox 299 1558 357 1618; x_wconf 94' lang='lat' dir='ltr'>pro</span> <span class='ocrx_word' id='word_1_68' title='bbox 380 1542 536 1602; x_wconf 91' lang='lat' dir='ltr'>membris</span> <span class='ocrx_word' id='word_1_69' title='bbox 559 1542 591 1601; x_wconf 95' lang='lat' dir='ltr'>in</span> <span class='ocrx_word' id='word_1_70' title='bbox 614 1558 712 1601; x_wconf 91' lang='lat' dir='ltr'>cruce</span> <span class='ocrx_word' id='word_1_71' title='bbox 734 1541 837 1602; x_wconf 86' lang='lat' dir='ltr'>oravit</span> 
     </span>
     <span class='ocr_line' id='line_1_13' title="bbox 75 1638 836 1717; baseline 0.001 -17"><span class='ocrx_word' id='word_1_72' title='bbox 75 1650 111 1700; x_wconf 90' lang='lat' dir='ltr'>et</span> <span class='ocrx_word' id='word_1_73' title='bbox 134 1638 265 1699; x_wconf 83' lang='lat' dir='ltr'>veniam</span> <span class='ocrx_word' id='word_1_74' title='bbox 289 1639 482 1715; x_wconf 90' lang='lat' dir='ltr'>impetravit.</span> <span class='ocrx_word' id='word_1_75' title='bbox 527 1639 626 1716; x_wconf 88' lang='lat' dir='ltr'>lgitur</span> <span class='ocrx_word' id='word_1_76' title='bbox 654 1657 712 1717; x_wconf 94' lang='lat' dir='ltr'>pro</span> <span class='ocrx_word' id='word_1_77' title='bbox 734 1642 836 1701; x_wconf 93' lang='lat' dir='ltr'>omni-</span> 
     </span>
     <span class='ocr_line' id='line_1_14' title="bbox 74 1736 837 1815; baseline 0.003 -19"><span class='ocrx_word' id='word_1_78' title='bbox 74 1738 141 1797; x_wconf 90' lang='lat' dir='ltr'>bus</span> <span class='ocrx_word' id='word_1_79' title='bbox 175 1746 323 1797; x_wconf 90' lang='lat' dir='ltr'>mortuus</span> <span class='ocrx_word' id='word_1_80' title='bbox 355 1747 405 1797; x_wconf 90' lang='lat' dir='ltr'>est</span> <span class='ocrx_word' id='word_1_81' title='bbox 437 1736 610 1813; x_wconf 89' lang='lat' dir='ltr'>Christus;</span> <span class='ocrx_word' id='word_1_82' title='bbox 646 1748 680 1798; x_wconf 86' lang='lat' dir='ltr'>ut</span> <span class='ocrx_word' id='word_1_83' title='bbox 711 1749 837 1815; x_wconf 85' lang='lat' dir='ltr'>gustata</span> 
     </span>
     <span class='ocr_line' id='line_1_15' title="bbox 75 1835 837 1910; baseline 0.005 -17"><span class='ocrx_word' id='word_1_84' title='bbox 75 1843 188 1894; x_wconf 89' lang='lat' dir='ltr'>morte</span> <span class='ocrx_word' id='word_1_85' title='bbox 210 1835 378 1910; x_wconf 85' lang='lat' dir='ltr'>temporali</span> <span class='ocrx_word' id='word_1_86' title='bbox 404 1835 551 1895; x_wconf 90' lang='lat' dir='ltr'>vinceret</span> <span class='ocrx_word' id='word_1_87' title='bbox 575 1846 712 1897; x_wconf 91' lang='lat' dir='ltr'>mortem</span> <span class='ocrx_word' id='word_1_88' title='bbox 736 1847 837 1897; x_wconf 87' lang='lat' dir='ltr'>aeter·</span> 
     </span>
     <span class='ocr_line' id='line_1_16' title="bbox 76 1931 873 2009; baseline 0.003 -17"><span class='ocrx_word' id='word_1_89' title='bbox 76 1949 169 2006; x_wconf 85' lang='lat' dir='ltr'>nam,</span> <span class='ocrx_word' id='word_1_90' title='bbox 194 1940 225 1991; x_wconf 89' lang='lat' dir='ltr'>et</span> <span class='ocrx_word' id='word_1_91' title='bbox 247 1931 286 1991; x_wconf 90' lang='lat' dir='ltr'>de</span> <span class='ocrx_word' id='word_1_92' title='bbox 308 1942 441 2008; x_wconf 86' lang='lat' dir='ltr'>peccato</span> <span class='ocrx_word' id='word_1_93' title='bbox 464 1933 631 1993; x_wconf 85' lang='lat' dir='ltr'>damnaret</span> <span class='ocrx_word' id='word_1_94' title='bbox 652 1944 873 2009; x_wconf 82' lang='lat' dir='ltr'>peccatum:rs</span> 
     </span>
     <span class='ocr_line' id='line_1_17' title="bbox 76 2030 837 2106; baseline 0 -16"><span class='ocrx_word' id='word_1_95' title='bbox 76 2033 144 2090; x_wconf 92' lang='lat' dir='ltr'>hoc</span> <span class='ocrx_word' id='word_1_96' title='bbox 169 2039 219 2089; x_wconf 90' lang='lat' dir='ltr'>est</span> <span class='ocrx_word' id='word_1_97' title='bbox 246 2046 304 2106; x_wconf 92' lang='lat' dir='ltr'>per</span> <span class='ocrx_word' id='word_1_98' title='bbox 325 2046 463 2105; x_wconf 89' lang='lat' dir='ltr'>poenam</span> <span class='ocrx_word' id='word_1_99' title='bbox 485 2030 649 2106; x_wconf 87' lang='lat' dir='ltr'>passionis</span> <span class='ocrx_word' id='word_1_100' title='bbox 673 2048 752 2091; x_wconf 87' lang='lat' dir='ltr'>suae</span> <span class='ocrx_word' id='word_1_101' title='bbox 774 2033 837 2091; x_wconf 90' lang='lat' dir='ltr'>sol·</span> 
     </span>
     <span class='ocr_line' id='line_1_18' title="bbox 76 2127 837 2203; baseline 0.001 -15"><span class='ocrx_word' id='word_1_102' title='bbox 76 2136 175 2188; x_wconf 89' lang='lat' dir='ltr'>veret</span> <span class='ocrx_word' id='word_1_103' title='bbox 205 2127 313 2187; x_wconf 87' lang='lat' dir='ltr'>omnia</span> <span class='ocrx_word' id='word_1_104' title='bbox 341 2127 448 2188; x_wconf 87' lang='lat' dir='ltr'>debita</span> <span class='ocrx_word' id='word_1_105' title='bbox 476 2139 683 2203; x_wconf 90' lang='lat' dir='ltr'>peccatorum</span> <span class='ocrx_word' id='word_1_106' title='bbox 712 2139 837 2190; x_wconf 89' lang='lat' dir='ltr'>nostro·</span> 
     </span>
     <span class='ocr_line' id='line_1_19' title="bbox 76 2226 836 2303; baseline -0.003 -15"><span class='ocrx_word' id='word_1_107' title='bbox 76 2245 167 2288; x_wconf 89' lang='lat' dir='ltr'>rum.</span> <span class='ocrx_word' id='word_1_108' title='bbox 198 2226 283 2286; x_wconf 91' lang='lat' dir='ltr'>Hinc</span> <span class='ocrx_word' id='word_1_109' title='bbox 298 2243 429 2303; x_wconf 90' lang='lat' dir='ltr'>quoque</span> <span class='ocrx_word' id='word_1_110' title='bbox 444 2227 558 2287; x_wconf 87' lang='lat' dir='ltr'>beatus</span> <span class='ocrx_word' id='word_1_111' title='bbox 571 2227 688 2286; x_wconf 88' lang='lat' dir='ltr'>Petrus</span> <span class='ocrx_word' id='word_1_112' title='bbox 703 2227 836 2303; x_wconf 85' lang='lat' dir='ltr'>gratiam</span> 
     </span>
     <span class='ocr_line' id='line_1_20' title="bbox 76 2322 838 2400; baseline -0.003 -14"><span class='ocrx_word' id='word_1_113' title='bbox 76 2322 211 2386; x_wconf 88' lang='lat' dir='ltr'>Christi</span> <span class='ocrx_word' id='word_1_114' title='bbox 235 2333 266 2383; x_wconf 85' lang='lat' dir='ltr'>et</span> <span class='ocrx_word' id='word_1_115' title='bbox 287 2324 440 2384; x_wconf 89' lang='lat' dir='ltr'>meritum</span> <span class='ocrx_word' id='word_1_116' title='bbox 465 2323 629 2400; x_wconf 89' lang='lat' dir='ltr'>passionis</span> <span class='ocrx_word' id='word_1_117' title='bbox 659 2324 730 2384; x_wconf 91' lang='lat' dir='ltr'>eius</span> <span class='ocrx_word' id='word_1_118' title='bbox 753 2341 838 2384; x_wconf 91' lang='lat' dir='ltr'>com·</span> 
     </span>
     <span class='ocr_line' id='line_1_21' title="bbox 76 2421 873 2498; baseline -0.003 -16"><span class='ocrx_word' id='word_1_119' title='bbox 76 2422 243 2483; x_wconf 90' lang='lat' dir='ltr'>mendans</span> <span class='ocrx_word' id='word_1_120' title='bbox 272 2421 324 2481; x_wconf 89' lang='lat' dir='ltr'>ait.</span> <span class='ocrx_word' id='word_1_121' title='bbox 368 2421 523 2483; x_wconf 89' lang='lat' dir='ltr'>Christus</span> <span class='ocrx_word' id='word_1_122' title='bbox 553 2424 656 2482; x_wconf 92' lang='lat' dir='ltr'>semel</span> <span class='ocrx_word' id='word_1_123' title='bbox 685 2440 742 2498; x_wconf 93' lang='lat' dir='ltr'>pro</span> <span class='ocrx_word' id='word_1_124' title='bbox 765 2437 873 2498; x_wconf 84' lang='lat' dir='ltr'>pec-20</span> 
     </span>
     <span class='ocr_line' id='line_1_22' title="bbox 76 2519 838 2596; baseline -0.001 -16"><span class='ocrx_word' id='word_1_125' title='bbox 76 2520 165 2580; x_wconf 87' lang='lat' dir='ltr'>catis</span> <span class='ocrx_word' id='word_1_126' title='bbox 187 2519 308 2579; x_wconf 89' lang='lat' dir='ltr'>nostris</span> <span class='ocrx_word' id='word_1_127' title='bbox 331 2529 479 2580; x_wconf 92' lang='lat' dir='ltr'>mortuus</span> <span class='ocrx_word' id='word_1_128' title='bbox 501 2529 561 2595; x_wconf 89' lang='lat' dir='ltr'>est,</span> <span class='ocrx_word' id='word_1_129' title='bbox 584 2520 690 2580; x_wconf 89' lang='lat' dir='ltr'>iustus</span> <span class='ocrx_word' id='word_1_130' title='bbox 712 2538 769 2596; x_wconf 93' lang='lat' dir='ltr'>pro</span> <span class='ocrx_word' id='word_1_131' title='bbox 792 2520 838 2579; x_wconf 93' lang='lat' dir='ltr'>in-</span> 
     </span>
     <span class='ocr_line' id='line_1_23' title="bbox 76 2616 839 2692; baseline -0.001 -14"><span class='ocrx_word' id='word_1_132' title='bbox 76 2616 198 2692; x_wconf 90' lang='lat' dir='ltr'>iustis;</span> <span class='ocrx_word' id='word_1_133' title='bbox 226 2627 260 2677; x_wconf 87' lang='lat' dir='ltr'>ut</span> <span class='ocrx_word' id='word_1_134' title='bbox 289 2633 350 2676; x_wconf 91' lang='lat' dir='ltr'>nos</span> <span class='ocrx_word' id='word_1_135' title='bbox 372 2617 505 2677; x_wconf 84' lang='lat' dir='ltr'>offerret</span> <span class='ocrx_word' id='word_1_136' title='bbox 528 2617 598 2676; x_wconf 91' lang='lat' dir='ltr'>Deo</span> <span class='ocrx_word' id='word_1_137' title='bbox 628 2618 839 2677; x_wconf 83' lang='lat' dir='ltr'>mortificatos</span> 
     </span>
     <span class='ocr_line' id='line_1_24' title="bbox 78 2714 838 2793; baseline -0.003 -17"><span class='ocrx_word' id='word_1_138' title='bbox 78 2715 217 2793; x_wconf 91' lang='lat' dir='ltr'>quidem</span> <span class='ocrx_word' id='word_1_139' title='bbox 240 2731 353 2774; x_wconf 84' lang='lat' dir='ltr'>came:</span> <span class='ocrx_word' id='word_1_140' title='bbox 379 2714 561 2774; x_wconf 83' lang='lat' dir='ltr'>vivificatos</span> <span class='ocrx_word' id='word_1_141' title='bbox 583 2725 690 2775; x_wconf 88' lang='lat' dir='ltr'>autem</span> <span class='ocrx_word' id='word_1_142' title='bbox 714 2715 838 2791; x_wconf 90' lang='lat' dir='ltr'>spiritu.</span> 
     </span>
     <span class='ocr_line' id='line_1_25' title="bbox 80 2811 839 2889; baseline 0 -16"><span class='ocrx_word' id='word_1_143' title='bbox 80 2813 173 2873; x_wconf 91' lang='lat' dir='ltr'>Hinc</span> <span class='ocrx_word' id='word_1_144' title='bbox 203 2811 299 2872; x_wconf 88' lang='lat' dir='ltr'>etiam</span> <span class='ocrx_word' id='word_1_145' title='bbox 329 2812 361 2871; x_wconf 95' lang='lat' dir='ltr'>in</span> <span class='ocrx_word' id='word_1_146' title='bbox 385 2811 582 2888; x_wconf 80' lang='lat' dir='ltr'>Apocalypsi</span> <span class='ocrx_word' id='word_1_147' title='bbox 612 2812 730 2889; x_wconf 85' lang='lat' dir='ltr'>iegitur</span> <span class='ocrx_word' id='word_1_148' title='bbox 753 2813 839 2889; x_wconf 91' lang='lat' dir='ltr'>quod</span> 
     </span>
     <span class='ocr_line' id='line_1_26' title="bbox 79 2909 875 2987; baseline -0.003 -16"><span class='ocrx_word' id='word_1_149' title='bbox 79 2920 272 2971; x_wconf 87' lang='lat' dir='ltr'>sanctorum</span> <span class='ocrx_word' id='word_1_150' title='bbox 295 2909 423 2969; x_wconf 86' lang='lat' dir='ltr'>animae</span> <span class='ocrx_word' id='word_1_151' title='bbox 445 2926 519 2969; x_wconf 92' lang='lat' dir='ltr'>cum</span> <span class='ocrx_word' id='word_1_152' title='bbox 535 2927 651 2986; x_wconf 84' lang='lat' dir='ltr'>magna</span> <span class='ocrx_word' id='word_1_153' title='bbox 664 2911 838 2987; x_wconf 87' lang='lat' dir='ltr'>gratiarum</span> <span class='ocrx_word' id='word_1_154' title='bbox 846 2927 875 2969; x_wconf 83' lang='lat'>25</span> 
     </span>
     <span class='ocr_line' id='line_1_27' title="bbox 79 3006 840 3069; baseline -0.003 0"><span class='ocrx_word' id='word_1_155' title='bbox 79 3009 213 3069; x_wconf 88' lang='lat' dir='ltr'>actione</span> <span class='ocrx_word' id='word_1_156' title='bbox 235 3017 309 3067; x_wconf 88' lang='lat' dir='ltr'>ante</span> <span class='ocrx_word' id='word_1_157' title='bbox 331 3006 484 3065; x_wconf 86' lang='lat' dir='ltr'>thronum</span> <span class='ocrx_word' id='word_1_158' title='bbox 501 3006 562 3066; x_wconf 88' lang='lat' dir='ltr'>Dei</span> <span class='ocrx_word' id='word_1_159' title='bbox 581 3007 785 3068; x_wconf 86' lang='lat' dir='ltr'>ceciderunt:</span> <span class='ocrx_word' id='word_1_160' title='bbox 809 3018 840 3067; x_wconf 84' lang='lat' dir='ltr'>et</span> 
     </span>
     <span class='ocr_line' id='line_1_28' title="bbox 80 3104 840 3181; baseline 0 -15"><span class='ocrx_word' id='word_1_161' title='bbox 80 3122 194 3167; x_wconf 88' lang='lat' dir='ltr'>coram</span> <span class='ocrx_word' id='word_1_162' title='bbox 211 3104 305 3181; x_wconf 76' lang='lat' dir='ltr'>Agno</span> <span class='ocrx_word' id='word_1_163' title='bbox 327 3105 440 3165; x_wconf 87' lang='lat' dir='ltr'>laudes</span> <span class='ocrx_word' id='word_1_164' title='bbox 456 3121 513 3180; x_wconf 92' lang='lat' dir='ltr'>pro</span> <span class='ocrx_word' id='word_1_165' title='bbox 536 3122 595 3164; x_wconf 89' lang='lat' dir='ltr'>sua</span> <span class='ocrx_word' id='word_1_166' title='bbox 617 3106 840 3181; x_wconf 84' lang='lat' dir='ltr'>redemptione</span> 
     </span>
     <span class='ocr_line' id='line_1_29' title="bbox 81 3202 840 3264; baseline -0.003 0"><span class='ocrx_word' id='word_1_167' title='bbox 81 3212 299 3264; x_wconf 86' lang='lat' dir='ltr'>cantaverunt</span> <span class='ocrx_word' id='word_1_168' title='bbox 314 3202 469 3262; x_wconf 82' lang='lat' dir='ltr'>dicentes.</span> <span class='ocrx_word' id='word_1_169' title='bbox 499 3202 675 3263; x_wconf 88' lang='lat' dir='ltr'>Redemisti</span> <span class='ocrx_word' id='word_1_170' title='bbox 692 3222 753 3264; x_wconf 93' lang='lat' dir='ltr'>nos</span> <span class='ocrx_word' id='word_1_171' title='bbox 770 3204 840 3263; x_wconf 89' lang='lat' dir='ltr'>Deo</span> 
     </span>
     <span class='ocr_line' id='line_1_30' title="bbox 82 3301 841 3378; baseline -0.001 -16"><span class='ocrx_word' id='word_1_172' title='bbox 82 3303 116 3362; x_wconf 93' lang='lat' dir='ltr'>in</span> <span class='ocrx_word' id='word_1_173' title='bbox 141 3301 301 3378; x_wconf 87' lang='lat' dir='ltr'>sanguine</span> <span class='ocrx_word' id='word_1_174' title='bbox 320 3311 377 3360; x_wconf 91' lang='lat' dir='ltr'>tuo</span> <span class='ocrx_word' id='word_1_175' title='bbox 401 3317 441 3360; x_wconf 85' lang='lat' dir='ltr'>ex</span> <span class='ocrx_word' id='word_1_176' title='bbox 462 3301 550 3360; x_wconf 94' lang='lat' dir='ltr'>omni</span> <span class='ocrx_word' id='word_1_177' title='bbox 571 3301 655 3362; x_wconf 87' lang='lat' dir='ltr'>tribu</span> <span class='ocrx_word' id='word_1_178' title='bbox 678 3313 710 3363; x_wconf 89' lang='lat' dir='ltr'>et</span> <span class='ocrx_word' id='word_1_179' title='bbox 732 3303 841 3378; x_wconf 87' lang='lat' dir='ltr'>lingua</span> 
     </span>
     <span class='ocr_line' id='line_1_31' title="bbox 83 3397 876 3475; baseline -0.003 -15"><span class='ocrx_word' id='word_1_180' title='bbox 83 3409 117 3460; x_wconf 91' lang='lat' dir='ltr'>et</span> <span class='ocrx_word' id='word_1_181' title='bbox 139 3399 261 3475; x_wconf 93' lang='lat' dir='ltr'>populo</span> <span class='ocrx_word' id='word_1_182' title='bbox 284 3408 316 3458; x_wconf 92' lang='lat' dir='ltr'>et</span> <span class='ocrx_word' id='word_1_183' title='bbox 338 3397 484 3458; x_wconf 86' lang='lat' dir='ltr'>natione:</span> <span class='ocrx_word' id='word_1_184' title='bbox 508 3407 540 3457; x_wconf 90' lang='lat' dir='ltr'>et</span> <span class='ocrx_word' id='word_1_185' title='bbox 562 3397 668 3458; x_wconf 79' lang='lat' dir='ltr'>iecisti</span> <span class='ocrx_word' id='word_1_186' title='bbox 691 3416 752 3458; x_wconf 92' lang='lat' dir='ltr'>nos</span> <span class='ocrx_word' id='word_1_187' title='bbox 770 3399 876 3458; x_wconf 84' lang='lat' dir='ltr'>Deoso</span> 
     </span>
    </p>
   </div>
   <div class='ocr_carea' id='block_1_3' title="bbox 83 3496 841 3642">
    <p class='ocr_par' dir='ltr' id='par_1_3' title="bbox 83 3496 841 3642">
     <span class='ocr_line' id='line_1_32' title="bbox 83 3496 841 3573; baseline 0 -16"><span class='ocrx_word' id='word_1_188' title='bbox 83 3506 199 3557; x_wconf 89' lang='lat' dir='ltr'>nostro</span> <span class='ocrx_word' id='word_1_189' title='bbox 222 3512 358 3572; x_wconf 88' lang='lat' dir='ltr'>regnum</span> <span class='ocrx_word' id='word_1_190' title='bbox 381 3507 413 3556; x_wconf 85' lang='lat' dir='ltr'>et</span> <span class='ocrx_word' id='word_1_191' title='bbox 428 3496 624 3556; x_wconf 80' lang='lat' dir='ltr'>sacerdotes</span> <span class='ocrx_word' id='word_1_192' title='bbox 655 3497 740 3556; x_wconf 90' lang='lat' dir='ltr'>Hinc</span> <span class='ocrx_word' id='word_1_193' title='bbox 764 3514 841 3573; x_wconf 91' lang='lat' dir='ltr'>quo·</span> 
     </span>
     <span class='ocr_line' id='line_1_33' title="bbox 444 3601 733 3642; baseline 0 0"><span class='ocrx_word' id='word_1_194' title='bbox 444 3601 484 3642; x_wconf 83' lang='lat'>227</span> <span class='ocrx_word' id='word_1_195' title='bbox 692 3601 733 3642; x_wconf 72' lang='lat' dir='ltr'>rs*</span> 
     </span>
    </p>
   </div>
   <div class='ocr_carea' id='block_1_4' title="bbox 0 0 1085 4190">
    <p class='ocr_par' dir='ltr' id='par_1_4' title="bbox 0 0 1085 4190">
     <span class='ocr_line' id='line_1_34' title="bbox 0 0 1085 4190; baseline 0 0"><span class='ocrx_word' id='word_1_196' title='bbox 0 0 1085 4190; x_wconf 95' lang='lat' dir='ltr'> </span> 
     </span>
    </p>
   </div>
  </div>
 </body>
</html>
