2144 4194
81 591 218 668 fugere,
247 600 279 650 et
300 590 356 650 ille
384 591 432 650 sic
454 590 595 650 voluerit
620 591 756 650 habere:
786 607 842 649 ero

81 698 217 764 paratus
261 688 357 748 etiarn
400 688 433 748 in
469 687 653 766 Aegyptum
693 689 842 749 transire.

81 786 305 846 Venientibus
323 796 431 846 autern
453 787 650 862 pastoribus,
672 803 746 846 curn
767 803 843 863 gau·

82 883 135 943 dio
152 883 205 943 eis
221 884 381 960 aperiam:
404 893 436 943 et
458 883 491 943 in
509 885 592 944 hanc
608 885 727 944 summi
745 883 843 960 Regis

82 982 190 1040 aulam
208 981 422 1040 introducam.
453 980 518 1056 lpsi
530 991 606 1041 sunt
621 981 708 1041 eninr
725 981 866 1058 quibuss

83 1078 223 1154 angelus
246 1077 333 1137 istud
349 1078 543 1155 mysterium
558 1080 735 1140 nuntiavit:
758 1089 790 1139 et
804 1078 843 1138 ad

82 1175 285 1235 visitandum
301 1175 434 1252 direxit3
453 1193 536 1253 quos
552 1177 682 1238 devotio
697 1178 844 1238 adduxit:

84 1283 114 1333 et
143 1272 258 1332 divina
286 1272 426 1332 laudatio
456 1274 592 1334 reduxit.
636 1276 764 1336 Dehinc
791 1276 844 1336 ad·

84 1370 297 1431 ventantibus
336 1370 458 1429 sanctis
495 1371 598 1448 magis
633 1371 672 1432 ab
708 1374 844 1434 orientis

85 1469 245 1544 partibus,
267 1467 417 1527 alacriter
431 1485 599 1528 occurram
615 1479 679 1529 tant
696 1472 844 1531 honestis
856 1487 880 1527 to

86 1567 273 1644 hospitibus
289 1565 421 1642 regibus
437 1576 468 1626 et
479 1567 669 1644 comitibus3
684 1569 845 1629 salutatis-

85 1681 150 1741 que
166 1671 360 1723 reverenter
374 1673 408 1724 ut
419 1664 513 1724 decet
524 1665 686 1742 omnibus,
702 1667 845 1727 invitabo

86 1779 144 1822 eos
165 1762 205 1822 ad
220 1761 406 1837 ingressum
422 1761 521 1821 huius
537 1762 656 1838 curiae,
679 1764 717 1824 ad
732 1764 845 1824 viden·

11 1887 12 1894 κ
87 1859 160 1920 darn
185 1857 302 1918 faciem
326 1859 451 1935 Regis
473 1869 512 1919 et
534 1861 721 1937 reginae:
750 1862 844 1921 cuius

87 1957 218 2034 signum
249 1956 350 2032 fulget
379 1956 527 2016 incaelo
556 1959 713 2019 mirabile.
757 1959 842 2021 Cutn
855 1977 879 2018 15

88 2053 284 2115 intrantibus
319 2053 479 2131 introib03
521 2073 595 2115 curn
635 2057 844 2136 adorantibus

89 2153 246 2227 adorabo,
275 2169 349 2212 curn
378 2153 593 2214 offerentibus
622 2172 680 2214 me
711 2156 843 2231 ipsum

89 2251 267 2311 offeram
296 2267 342 2310 ex
365 2259 467 2310 toto:
497 2260 535 2310 et
559 2251 762 2328 quidquid
784 2253 845 2311 ha·

88 2351 186 2409 bere
208 2357 371 2425 potero,
393 2349 468 2407 hoc
484 2357 611 2407 toturn
628 2349 673 2408 do
689 2349 725 2408 in
742 2350 845 2409 holo-

90 2456 278 2506 caustum
302 2444 487 2505 Domino.
523 2445 714 2506 illisautem
737 2463 881 2508 rever-20

90 2544 233 2605 tentibus
255 2543 294 2603 ad
316 2542 462 2619 propria:
491 2560 551 2619 ego
576 2545 714 2604 manebo
736 2545 789 2605 hic
812 2546 844 2626 in

11 2645 13 2660 '
92 2643 198 2718 curia;
230 2652 262 2702 et
293 2641 435 2701 serviam
468 2640 610 2700 Domino
641 2659 715 2702 meo
747 2644 845 2720 Regi:

92 2756 235 2816 suaeque
264 2739 455 2799 benedictae
477 2740 588 2816 matri,
616 2749 792 2815 perpetuae
815 2748 846 2799 et

92 2836 251 2912 gloriosae
273 2835 398 2895 Mariae
420 2836 547 2913 virgini.
590 2838 710 2898 Nullus
731 2854 784 2897 me
806 2838 846 2897 de

93 2935 149 2994 bac
179 2934 270 2995 curia
292 2950 447 2994 revocare
469 2934 603 3010 poterit:
633 2936 721 2995 nulla
749 2935 883 3010 bulla‚25

93 3032 179 3092 nulla
193 3031 380 3107 auctoritas,
401 3032 491 3092 nulla
506 3033 590 3092 dona
605 3034 656 3093 vel
672 3033 847 3109 promissio

93 3139 249 3190 avertere.
261 3129 472 3190 Hicstatuam
482 3139 713 3191 testamentum
723 3147 848 3207 meum3

95 3227 144 3288 bic
167 3227 302 3288 lirmabo
318 3231 448 3304 pactum
464 3239 649 3289 aeternum:
671 3229 724 3289 hic
740 3229 847 3290 vivam

95 3325 145 3385 hic
166 3326 298 3403 moriar,
320 3336 352 3387 et
374 3327 436 3386 erit
458 3336 560 3387 toturn
584 3328 714 3387 facturn.

134 3423 262 3484 Placeat
280 3424 337 3484 tibi
354 3424 491 3484 obsecro
507 3425 638 3484 domina
650 3440 723 3484 mea
738 3432 885 3485 sanctaso

98 3519 212 3581 illaria:
243 3532 277 3582 ut
299 3521 362 3581 sirn
392 3521 425 3581 in
454 3522 613 3599 obsequio
640 3531 695 3582 tuo
724 3521 847 3598 filiique

451 3627 489 3667 ros
