2122 4196
242 424 282 476 m
316 423 484 465 MEDITATIO
500 424 539 465 DE
555 421 786 465 INCARNATIONE
801 421 926 464 CHRISTI
963 424 1010 475 ἕξ.)

284 558 330 617 Ex
352 557 405 616 bis
420 567 470 617 est
486 557 650 634 gloriosus
667 557 892 635 Hieronymus
908 571 1007 632 pres-

242 655 346 732 byter,
375 654 526 731 egregius
548 655 661 716 doctor
682 653 896 729 Ambrosius3
925 655 1007 714 bea-

223 773 225 776 ·
242 752 390 814 tissimus
406 753 535 829 praesul
551 751 766 829 Augustinus,
786 752 1007 814 dulcissimus

227 867 324 926 papa
353 850 550 928 Gregorius:
580 849 779 910 venerabilis
809 850 915 924 Beda,
946 851 1007 910 de-

139 941 144 952 “
219 947 434 1008 svotissimus
456 949 662 1023 Bemardus‚
691 948 859 1024 ceterique
885 947 1006 1007 huius-

159 1055 170 1110 l
242 1045 328 1104 modi
357 1045 513 1106 nominati
544 1063 580 1105 ac
613 1045 728 1106 famosi
761 1046 841 1122 viri3
871 1046 1004 1106 strenui

148 1121 168 1234 ζ’
241 1159 356 1218 opere,
385 1143 578 1219 eloquentes
601 1161 770 1218 sermone,
801 1143 863 1203 lide
888 1144 1004 1203 catho-

159 1250 177 1334 ᾖ
241 1239 311 1315 lici,
340 1240 477 1302 scientia
499 1242 634 1318 divites,
663 1259 699 1302 se
729 1251 760 1302 et
789 1241 870 1301 alios
900 1257 1003 1317 quam

169 1340 178 1430 '3
240 1338 351 1413 plures
374 1337 599 1400 aedificantes:
629 1356 665 1399 ac
688 1339 829 1416 posteris
858 1339 930 1399 suis
954 1338 1004 1398 di-

154 1443 169 1504 l'
207 1452 335 1512 rognam
358 1437 549 1497 memoriam
571 1438 702 1498 divinae
732 1435 927 1497 eruditionis
951 1452 1003 1495 re-

144 1531 153 1610 ‚⁴
241 1533 438 1610 linquentes.

124 1611 225 1689 smeno-
280 1630 335 1692 Ait
346 1632 1003 1708 namquegloriosuspaterHieronymus:

105 1695 223 1768 snrnvs
241 1745 314 1788 cum
344 1729 470 1804 positus
499 1730 533 1789 in
564 1731 720 1790 extremis
751 1746 875 1789 sacram
908 1741 1003 1788 esset

240 1837 434 1902 accepturus
464 1827 740 1887 communionem.
790 1826 837 1886 Tu
867 1843 903 1886 es
932 1826 1002 1902 ille,

59 1998 64 2020 ἐ
206 1924 295 2000 isqui
326 1942 400 1984 cum
423 1926 515 1985 Deus
544 1941 638 1984 esses
667 1926 758 1985 solus
786 1932 861 1984 ante
887 1923 1001 1984 omnia

39 2034 58 2106 s
241 2032 386 2099 tempora
408 2033 440 2083 et
455 2024 527 2083 sine
549 2023 710 2099 principio
732 2022 862 2100 genitus
885 2040 902 2082 a
925 2023 999 2082 Deo

242 2120 336 2180 Patre
352 2131 484 2181 aeterna
500 2132 531 2181 et
547 2121 765 2198 investigabili
786 2119 999 2198 generatione
1059 2175 1060 2231 ἢ

240 2218 323 2279 intra
346 2218 443 2278 unius
459 2219 587 2295 puellae
610 2219 642 2278 id
663 2228 713 2279 est
728 2218 865 2296 virginis
879 2219 999 2295 glorio-

240 2333 296 2376 sae
312 2317 542 2391 corpusculum
559 2327 590 2376 te
606 2316 751 2376 clausisti
769 2317 874 2376 factus
887 2317 997 2376 bomo.
1058 2347 1059 2399 p

203 2412 294 2473 aoSic
326 2413 413 2473 enim
446 2414 478 2473 in
512 2413 662 2490 virginali
699 2425 792 2475 utero
828 2414 996 2474 hominem

240 2512 433 2587 suscepisti:
457 2511 544 2587 quod
566 2528 627 2571 nec
652 2512 725 2571 sine
748 2512 881 2572 homine
905 2512 997 2572 Deus
1057 2513 1058 2564 l

240 2624 293 2681 es,
322 2625 383 2667 nec
406 2608 478 2668 sine
501 2609 572 2668 Deo
597 2611 705 2670 homo.
748 2609 796 2669 Tu
819 2620 908 2670 certe
931 2611 998 2670 vita

240 2720 277 2763 es
299 2722 362 2780 qua
383 2705 491 2765 omnis
513 2705 593 2766 vivit
608 2716 773 2767 creatura:
795 2717 827 2768 et
842 2706 915 2768 sine
933 2725 997 2784 qua
1056 2689 1057 2724 ¹

240 2802 387 2862 moritur.
416 2802 463 2862 Tu
480 2820 517 2863 es
532 2803 597 2863 vita
613 2802 720 2864 vitalis
736 2805 841 2864 dulcis
864 2814 896 2864 et
911 2822 996 2864 ama·
1055 2825 1056 2832 ¹

204 2898 314 2960 asbilis
336 2911 433 2976 atque
455 2902 605 2964 iucunda.
640 2902 761 2964 Odoris
782 2905 828 2965 tui
852 2905 995 2966 suavitas

240 3013 355 3073 aegros
371 3010 497 3060 recreat
512 3011 544 3060 et
559 3000 701 3060 debiles:
724 3018 806 3078 quos
829 3013 903 3062 tuos
919 3002 995 3062 facit
1054 2971 1055 3065 i

241 3111 337 3170 sopor
359 3096 507 3156 salubres
529 3109 561 3158 et
584 3097 791 3159 fortissimos.
1053 3107 1054 3178 l

134 3213 229 3300 Αζᾶιιδο·
283 3192 369 3253 Dicit
391 3194 602 3270 hymnidicus
618 3205 725 3255 orator
740 3197 992 3258 Ambrosiuso
1053 3201 1054 3231 l

241 3291 322 3350 mira
358 3292 444 3351 circa
480 3310 541 3352 nos
572 3303 646 3353 tuae
678 3294 809 3368 pietatis
843 3294 993 3371 dignatio.

203 3386 270 3448 soO
287 3387 535 3450 inaestimabilis
551 3390 681 3451 dilectio
698 3391 856 3453 caritatis:
879 3403 914 3454 ut
929 3410 994 3453 ser·
1051 3419 1052 3478 p

241 3502 317 3544 vum
339 3485 520 3546 redimeres
544 3486 646 3546 lilium
669 3487 838 3549 tradidisti.

73 1845 91 1934 j.
