2118 4186
73 594 236 661 temptum
260 594 291 645 et
313 585 535 646 abiectionem
552 585 732 646 hominum.
772 585 835 646 Ac·

74 692 211 743 cusatus
243 700 294 758 es,
325 700 367 744 ne
396 701 448 744 me
477 683 595 744 leviter
625 701 834 745 excusarem:

73 780 136 839 sed
157 798 254 856 quarn
277 782 379 842 multa
408 783 488 842 lalsa
509 782 720 858 pertulisses,
750 783 834 860 cogi·

72 886 189 939 tarem.
239 879 487 942 Condemnatus
516 897 572 956 es,
603 889 638 940 ut
668 890 832 941 aeternam

73 975 317 1037 damnationem
341 978 524 1038 evaderem.
568 978 699 1055 Ligatus
721 995 774 1053 es,
799 988 856 1039 uts

73 1083 324 1150 apeccatorum
354 1076 495 1136 vinculis
524 1076 722 1136 absolverer.
765 1077 832 1136 Fla-

71 1172 214 1247 gellatus
237 1189 290 1248 ea,
319 1182 353 1233 ut
374 1183 507 1234 aeterna
532 1174 659 1251 flagella
687 1192 760 1235 cum
785 1192 832 1234 re-

72 1269 188 1344 probis
203 1287 268 1329 non
284 1270 441 1331 sentirem
457 1280 489 1332 et
503 1271 694 1348 temporalia
708 1272 834 1349 flagella

73 1383 151 1426 curn
175 1367 289 1427 electis
311 1368 471 1443 patienter
487 1370 617 1430 ferrem.
647 1369 833 1431 Coronatus

73 1481 112 1523 es
135 1465 250 1540 spinea
272 1483 408 1541 corona,
431 1475 465 1526 ut
487 1484 547 1543 ego
569 1466 831 1527 immarcescibili
845 1486 869 1526 ro

74 1579 198 1622 corona
220 1563 337 1640 dignus
360 1581 468 1625 essem
485 1566 651 1626 coronari:
674 1566 701 1626 si
724 1575 832 1626 tamen

74 1661 133 1721 tibi
160 1662 354 1738 compatiar,
380 1672 544 1740 tamquam
566 1665 749 1724 membrum
772 1681 832 1723 suo

73 1759 247 1819 conforme
263 1761 368 1837 capiti.
399 1761 427 1823 Ο
447 1763 515 1822 Rex
534 1771 686 1822 aeternae
701 1761 833 1838 gloriae,

73 1874 174 1933 quam
196 1867 322 1919 acutam
346 1869 378 1919 et
399 1859 585 1936 despectam
605 1875 757 1919 coronam
774 1877 833 1935 pro

74 1972 128 2014 me
152 1955 312 2016 vilissimo
333 1967 504 2032 peccatore
519 1958 664 2034 portasti.
695 1958 733 2018 Et
754 1975 868 2034 quo-15

74 2053 174 2113 modo
197 2071 331 2129 possum
354 2055 426 2116 sine
449 2056 569 2132 ingenti
591 2055 699 2116 cordis
721 2055 832 2115 dolore

74 2152 219 2226 cogitare
248 2152 455 2213 benedictum
485 2162 581 2229 caput
609 2165 701 2213 tuum
728 2152 832 2229 spinis

74 2251 237 2325 obsitum,
261 2251 420 2311 arundine
445 2268 656 2327 percussum,
685 2267 720 2310 ac
743 2249 830 2309 omni

73 2350 196 2425 populo
219 2349 252 2409 in
275 2349 419 2409 derisum
442 2350 639 2409 ostensum?

117 2447 262 2507 Eductus
274 2465 310 2507 es
324 2456 413 2507 extra
428 2447 591 2507 civitatem
604 2445 781 2507 ierusalem
792 2443 831 2502 ad
841 2462 869 2503 ao

75 2544 352 2622 crucifigendum,
374 2553 409 2605 ut
430 2563 483 2606 me
508 2546 684 2606 reduceres
707 2544 739 2603 in
762 2560 832 2602 cae-

74 2645 192 2704 lestem
217 2644 394 2704 Ierusalem
417 2643 457 2703 ad
478 2652 636 2720 perpetue
658 2641 833 2702 laetiiican-

74 2743 163 2803 dum.
185 2742 328 2803 Crucem
339 2741 480 2817 propriis
491 2741 614 2802 umeris
624 2740 785 2814 baiulasti‚
799 2748 833 2799 ut

75 2841 250 2916 meipsum
267 2839 473 2915 abnegarem,
488 2856 619 2899 crucem
637 2838 784 2899 tollerem
801 2847 833 2897 et

75 2947 191 3014 postte
202 2937 360 2997 venirem.
389 2936 518 2997 Allixus
535 2937 686 3012 esemel,
702 2945 736 2996 ut
751 2935 831 2995 mibi
842 2954 869 2993 25

74 3034 218 3095 mundus
240 3033 416 3095 crucifixus
438 3043 543 3111 esset,
565 3044 596 3095 et
618 3051 678 3111 ego
700 3033 832 3093 mundo.

75 3133 230 3192 Elevatus
241 3149 278 3192 es
289 3140 356 3193 toto
368 3142 638 3209 corporeaterra‚
649 3142 684 3192 ut
695 3149 754 3209 ego
765 3140 832 3192 toto

74 3230 175 3290 corde
191 3231 339 3290 elevarer
354 3230 393 3290 ad
409 3247 560 3306 superna.
589 3229 692 3290 ilceto
708 3240 741 3290 et
757 3229 832 3289 ielle

74 3335 205 3403 potatus
220 3343 267 3402 es,
282 3336 317 3387 ut
332 3337 511 3404 peccatum,
527 3328 614 3404 quod
628 3337 724 3404 gustu
740 3327 832 3387 vetiti

74 3426 138 3486 cibi
162 3424 195 3484 in
217 3424 376 3485 mundum
399 3426 498 3501 venit,
520 3443 630 3486 amaro
645 3425 762 3502 poculo
779 3442 869 3484 err-ao

74 3525 194 3601 piares,
217 3531 248 3582 et
270 3531 306 3582 ut
327 3532 401 3584 tuae
424 3523 540 3584 lelleae
556 3523 729 3600 potationis
747 3523 832 3583 inter

434 3629 474 3670 ara
