2128 4190
213 455 254 506 432
272 452 445 505 [SERMONES
458 453 496 494 DE
506 452 574 495 VITA
584 452 620 494 ET
631 451 779 495 PASSIONE
791 451 914 504 DOMINI]
931 451 972 503 ἴς)

215 597 247 648 et
268 588 330 648 alia
352 587 477 647 cantica
492 587 531 646 ad
546 587 674 646 laudem
691 585 753 646 Dei
770 586 857 646 edita
872 584 971 645 certis

214 684 416 761 temporibus
445 693 615 743 resonant:
645 693 676 743 et
697 684 795 743 alacri
818 683 915 743 corde
940 691 972 741 et

215 798 271 842 ore
300 791 472 857 canentes,
500 783 540 842 ad
567 782 720 842 caelestia
746 782 908 859 promissa
935 798 971 839 se

215 889 247 939 et
269 880 350 939 alios
372 880 498 956 erigere
520 881 668 956 student3
690 897 732 940 ne
755 898 795 940 ex
817 879 923 940 taedio
940 887 973 938 et

192 977 325 1037 slabore
347 978 530 1054 praesentis
545 977 631 1038 vitae
646 977 778 1054 fatigati,
800 996 819 1037 a
834 993 971 1054 perven-

213 1076 302 1136 tione
325 1077 476 1136 caelestis
499 1077 676 1136 Ierusalem
699 1076 884 1136 tardentur:
906 1091 972 1151 quo

214 1191 275 1233 nos
297 1174 395 1234 hodie
416 1174 572 1235 Christus
596 1175 664 1234 Rex
687 1174 787 1233 lsrael
811 1173 973 1234 Conditor

214 1281 327 1331 noster
366 1281 482 1348 sponte
522 1271 702 1348 praecessit
736 1288 795 1347 per
830 1286 971 1330 crucem.

214 1370 450 1446 Vnusquisque
473 1387 531 1445 pro
560 1385 620 1428 suo
643 1377 727 1428 statu
750 1377 782 1428 et
804 1368 918 1427 ordine
941 1378 973 1427 et

181 1466 340 1527 mollicio:
367 1467 530 1543 propriam
554 1467 739 1526 mercedem
762 1466 900 1542 accipiet
921 1483 971 1524 se-

215 1564 357 1624 cundum
380 1583 476 1625 suum
498 1565 653 1625 laborem.
682 1564 788 1623 Debet
810 1581 887 1640 ergo
902 1564 972 1640 qui-

215 1662 293 1721 libet
316 1662 422 1721 fidelis
444 1679 561 1722 servus
579 1662 652 1736 Dei,
675 1661 745 1721 sive
767 1661 907 1720 clericus
930 1661 973 1720 sit

215 1760 285 1820 sive
307 1761 488 1820 monachus
510 1769 715 1834 tonsuratuS,
741 1768 796 1818 aut
817 1759 972 1818 sacerdos

214 1857 444 1933 beneficiatus,
480 1858 617 1917 multum
654 1857 794 1934 diligens
829 1874 904 1917 esse
941 1867 973 1917 et

181 1977 205 2017 15
215 1957 322 2015 alacer
343 1955 382 2014 ad
405 1955 599 2014 cantandum
622 1954 654 2013 in
678 1955 819 2014 ecclesia
841 1956 873 2015 in
896 1973 971 2014 con-

215 2063 328 2130 spectu
359 2052 483 2114 Christi
514 2063 546 2113 et
574 2061 778 2128 sanctorum3
807 2063 839 2113 et
868 2054 972 2129 capiat

215 2152 400 2227 exemplum
430 2151 470 2210 de
498 2151 610 2227 pueris
640 2150 883 2211 Hebraeorum:
914 2152 971 2228 qui

215 2251 386 2312 Christum
417 2250 589 2309 laudabant
610 2249 740 2308 excelsa
761 2265 843 2308 voce
866 2266 971 2326 usque

215 2349 247 2408 in
271 2348 428 2408 altissima
444 2348 618 2406 caelorum.
651 2346 814 2424 Quotiens
829 2363 972 2424 namque

178 2446 355 2506 aoclericus
384 2462 443 2505 seu
472 2446 653 2504 monachus
682 2445 792 2504 minus
813 2444 972 2505 vivaciter

215 2544 248 2603 in
264 2546 364 2604 choro
380 2542 497 2619 psallit,
516 2552 570 2602 aut
592 2559 706 2601 vocem
723 2542 900 2602 subtrahit:
919 2543 972 2602 vel

215 2642 311 2702 etiam
340 2642 434 2701 vanis
462 2638 643 2716 phantasiis
665 2649 843 2714 occupatus
866 2639 973 2699 aliena

215 2739 363 2814 revolvit,
379 2748 410 2798 et
426 2738 464 2797 ad
480 2738 608 2814 singula
622 2737 721 2796 verba
736 2737 847 2796 divina
862 2738 972 2814 negle-

213 2846 328 2912 genter
356 2836 506 2912 attendit3
537 2835 657 2895 totiens
686 2834 861 2909 pretiosam
889 2851 974 2894 mar-

178 2934 347 3011 asgaritam
375 2934 415 2993 de
437 2949 558 2992 corona
579 2931 693 3007 capitis
715 2931 765 2991 sui
789 2932 912 3008 perdit:
943 2942 975 2992 et

214 3033 382 3108 pulchram
410 3048 447 3090 ac
468 3031 553 3090 bene
575 3030 777 3089 redolentem
800 3047 909 3089 rosam
932 3030 973 3089 de

215 3129 399 3190 sanctuario
423 3128 484 3188 Dei
511 3128 550 3186 ab
579 3127 712 3187 inimico
739 3127 839 3187 iurari
863 3138 896 3187 et
918 3145 973 3187 ex·

214 3229 334 3305 portari
356 3226 523 3304 permittit.
553 3225 677 3286 Caveat
699 3241 775 3301 ergo
796 3224 973 3300 religiosus

192 3331 194 3336 '
215 3326 356 3386 choralis
372 3324 497 3386 Christi
517 3324 610 3384 titulo
625 3322 810 3398 insignitus,
832 3321 871 3380 ad
887 3322 973 3398 psal·

179 3425 347 3486 solendum
371 3433 403 3483 et
424 3421 581 3482 orandum
604 3420 709 3479 aDeo
725 3419 913 3494 deputatus:
938 3429 973 3479 ut

215 3521 378 3598 quamcito
411 3521 451 3580 ad
484 3521 581 3579 horas
610 3517 783 3577 canonicas
811 3517 973 3591 pulsatur,

572 3623 613 3663 aco
