2122 4196
211 443 372 496 &mm
419 443 534 486 ORATIO
549 445 589 486 at>
605 443 760 487 CHRISTVM
806 444 967 499 ΜΨ

213 577 409 653 agnitionem
426 577 582 653 veritatis,
604 579 659 653 qui
676 579 786 638 multis
802 579 967 640 erroribus

213 684 245 734 et
257 675 401 750 peccatis
414 691 502 736 eram
515 677 690 736 involutus,
713 674 757 736 Te
769 677 877 753 ipsum
889 677 966 736 mihi

213 772 411 848 proposuisti
441 773 474 832 in
497 774 683 849 exemplum
706 773 856 850 vivendi,
885 786 920 835 ut
941 775 966 834 si

214 872 399 947 quempiam
435 881 622 946 sanctorum
659 871 776 931 imitari
815 872 969 946 taederet,
1057 921 1058 924 ,

191 970 328 1028 ssaltem
351 977 382 1028 te
399 970 505 1029 Deum
528 985 637 1029 meum
656 968 749 1045 sequi
766 985 831 1028 non
854 969 969 1046 pigeat.

215 1065 253 1125 Et
274 1082 316 1125 ne
338 1068 400 1126 hoc
423 1065 626 1143 impossibile
648 1066 843 1142 iudicarem,
870 1068 970 1126 multa

214 1162 293 1223 mihi
317 1163 405 1223 milia
427 1164 575 1240 exempla
597 1173 783 1224 sanctorum
800 1165 971 1241 reliquisti,

215 1262 269 1338 qui
292 1272 346 1322 tua
368 1262 505 1339 vestigia
526 1263 677 1323 ardenter
699 1272 775 1322 sunt
796 1262 912 1322 secuti.

256 1362 306 1421 Da
336 1377 412 1436 ergo
444 1361 523 1420 mihi
553 1360 776 1420 amantissime
802 1360 876 1419 Iesu
909 1361 971 1420 ier·

182 1474 206 1514 ro
216 1475 327 1519 vorem
350 1458 485 1534 spiritus
507 1458 564 1534 tui,
586 1459 728 1518 accende
746 1458 779 1517 in
795 1475 848 1518 me
864 1458 971 1534 ignem

216 1572 313 1632 quem
329 1554 448 1615 venisti
465 1555 593 1615 mittere
608 1556 641 1614 in
657 1566 787 1631 terram,
807 1565 841 1616 ut
857 1565 973 1616 cuncta

216 1654 297 1712 haec
319 1651 431 1712 inlima
452 1653 641 1729 despiciam,
663 1664 695 1713 et
710 1652 766 1713 tibi
783 1653 843 1713 soli
860 1653 973 1713 vivere

217 1749 412 1826 desiderem,
440 1750 497 1810 tibi
520 1750 581 1811 soli
604 1751 733 1827 placere
756 1750 916 1826 studeam,
937 1768 974 1810 ac

218 1865 275 1924 pro
304 1864 414 1910 amore
443 1857 498 1909 tuo
521 1849 559 1908 ab
584 1848 772 1909 hominibus
795 1848 919 1925 despici
941 1859 974 1908 et

185 1946 344 2023 raneglegi
374 1962 439 2006 non
468 1947 609 2007 timeam.
653 1946 730 2006 Esto
758 1955 792 2007 tu
819 1947 972 2024 gaudium
1057 1961 1058 1964 ¹

218 2061 327 2104 meum
351 2045 488 2104 dulcedo
510 2044 637 2104 animae
660 2061 762 2119 meae,
784 2044 892 2105 habita
907 2062 973 2105 me·
1057 2039 1058 2048 ‘

219 2159 292 2202 cum
316 2152 347 2203 et
369 2159 428 2220 ego
450 2152 569 2218 tecum,
597 2152 663 2202 toto
686 2142 819 2203 excluso
842 2141 973 2203 mundo.

220 2239 273 2300 Sis
295 2240 408 2300 doctor
429 2256 523 2299 meus
545 2250 577 2299 ct
599 2239 753 2316 magister
775 2257 879 2315 meus,
901 2240 976 2299 doc·
1057 2279 1058 2310 ;

220 2339 304 2399 trina
325 2355 397 2398 mea
416 2348 448 2397 et
462 2337 622 2412 sapientia
636 2353 717 2397 mea.
746 2334 791 2395 Te
807 2336 976 2412 sequendo
1057 2399 1058 2414 ,

184 2452 329 2496 aoerrare
340 2452 405 2495 non
417 2451 562 2510 possum,
577 2445 608 2494 te
619 2451 750 2511 semper
761 2432 976 2510 inspiciendo,
1057 2507 1058 2512 γ

221 2533 454 2594 retrahentium
471 2550 642 2594 sermones
657 2551 722 2594 non
739 2534 868 2594 curabo.
898 2530 976 2593 Om-

222 2632 273 2692 nis
302 2632 392 2692 labor
420 2649 478 2708 pro
505 2642 536 2691 te
565 2649 685 2707 parvus
715 2631 793 2692 mihi
818 2631 977 2705 videatur,
1057 2673 1058 2684 ,

222 2730 329 2791 omnis
360 2728 540 2790 adversitas
571 2729 670 2803 levis,
701 2728 808 2788 omnis
836 2727 976 2804 gravitas

222 2826 399 2887 tolerabilis
422 2825 591 2886 efficiatur.
624 2827 771 2886 Praestet
792 2827 873 2885 haec
896 2825 975 2884 mihi

186 2941 314 2984 asamor
327 2933 403 2984 tuus
418 2924 473 3000 qui
489 2923 598 2984 omnia
613 2923 746 2982 vincere
762 2922 847 2998 lacit,
863 2938 977 2998 sequa·

223 3033 275 3083 tur
303 3031 334 3082 et
362 3021 529 3081 humilitas
554 3021 662 3081 cordis
684 3037 767 3097 quae
789 3020 899 3081 omnia
921 3021 978 3082 im-

223 3122 317 3197 plens
340 3120 385 3180 nil
407 3120 540 3196 dignum
562 3136 600 3178 se
622 3119 730 3196 egisse
752 3129 888 3195 reputat.
930 3117 977 3178 Tu

224 3233 260 3276 es
283 3216 462 3293 expectatio
477 3233 550 3277 mea
573 3227 604 3278 et
619 3217 806 3293 adimpletio
823 3216 976 3278 desiderii

224 3314 299 3389 mei,
314 3323 348 3374 tu
364 3316 521 3376 recreatio
536 3325 652 3376 maaet
666 3315 859 3376 illuminatio
871 3314 978 3375 cordis

188 3411 300 3487 mmai,
329 3411 382 3487 qui
406 3429 582 3490 numquam
605 3413 732 3473 deseris
754 3423 925 3490 sperantes
946 3413 977 3472 in

224 3519 266 3585 te,
288 3510 438 3586 quamvis
459 3511 498 3570 ad
520 3512 633 3571 horam
656 3511 787 3588 patiaris
806 3528 863 3571 eos
878 3522 977 3587 temp-

591 3617 617 3657 so
