2114 4168
217 425 338 477 wag
365 424 539 468 onnnoues
555 425 594 467 ne
609 426 686 469 runs
702 426 830 470 sinens
855 428 976 482 &stote

219 559 336 635 loseph
359 569 432 634 post
454 560 685 620 revelationem
706 561 885 638 angelicam
902 562 977 622 bea-

218 665 282 716 tam
306 656 442 716 Mariam
468 657 502 717 in
524 676 615 719 suam
638 658 763 734 accepit
785 669 978 719 reverenter

218 755 415 831 custodiam,
446 765 480 816 tu
511 766 585 832 post
612 766 811 831 compertam
842 757 976 817 Domini

218 853 437 928 apparentiam
459 854 630 913 clariorem
653 855 806 931 accepisti
830 856 905 916 lidei
928 856 977 917 in·

194 952 436 1030 stellegentiam
468 961 500 1013 et
528 951 781 1027 insuperabilem
812 953 976 1030 evangeli·

217 1050 311 1110 zandi
352 1049 578 1111 constantiam.
636 1049 741 1109 Maria
780 1049 977 1127 Magdalena

217 1149 338 1209 amoris
373 1150 469 1226 plena
500 1148 608 1208 lesum
640 1157 774 1224 tangere
804 1149 908 1209 voluit
945 1159 977 1209 et

217 1247 420 1324 prohibetur:
435 1258 471 1307 tu
482 1244 652 1307 Christum
668 1244 740 1304 sine
755 1246 976 1322 prohibitione

217 1343 340 1403 iuberis
365 1354 513 1420 tangere,
540 1350 574 1402 ut
601 1341 682 1402 lides
704 1352 759 1403 tua
781 1344 975 1419 firmaretur,

183 1458 207 1497 ru
217 1450 249 1501 et
263 1441 461 1502 desiderium
477 1440 584 1500 cordis
599 1440 645 1501 tui
661 1440 758 1501 citius
773 1440 975 1517 impleretur.

216 1539 263 1598 Ex
288 1550 375 1601 certa
399 1557 497 1599 causa
520 1539 668 1616 mysterii
694 1539 749 1599 illa
771 1556 789 1598 a
809 1549 896 1600 tactu
919 1555 976 1615 pe-

216 1637 292 1696 dum
326 1638 365 1697 ad
396 1637 560 1696 modicum
591 1646 721 1713 tempus
752 1636 976 1713 suspenditur,

216 1743 250 1794 ut
272 1735 476 1810 prudentiam
499 1735 640 1796 disceret
661 1746 694 1795 et
714 1735 884 1796 Christum
906 1751 975 1794 non

216 1831 278 1890 iam
301 1834 482 1893 secundum
499 1850 630 1894 carnem
646 1843 831 1910 quaereret:
853 1841 887 1893 tu
910 1842 975 1893 sta·

182 1928 272 1988 istim
303 1929 375 1990 viso
407 1931 566 2007 Domino,
597 1948 638 1991 ne
670 1930 792 1991 diutius
822 1930 976 1990 dubitans

215 2042 376 2103 maneres,
399 2028 439 2087 ob
461 2030 665 2090 necessarias
684 2045 800 2089 causas
822 2036 853 2087 et
873 2027 976 2103 pusil-

216 2125 320 2184 lorum
350 2124 446 2186 lidem
475 2128 700 2189 instruendam
727 2127 766 2185 ad
789 2142 881 2184 sacra
901 2125 977 2185 loca

216 2223 387 2283 vulnerum
418 2224 583 2286 dexteram
614 2234 701 2285 tuam
731 2223 903 2300 porrexisti
929 2224 976 2284 di-

216 2338 304 2381 cens.
355 2322 516 2382 Dominus
552 2340 647 2384 meus
682 2332 714 2383 et
746 2322 837 2381 Deus
868 2337 975 2382 meus.

179 2418 246 2480 aoO
274 2419 351 2479 felix
373 2422 536 2497 apostole,
565 2421 617 2481 cui
647 2419 757 2480 omnia
786 2419 906 2479 cedunt
936 2419 977 2480 ad

215 2517 349 2593 gloriam
386 2527 418 2578 et
449 2518 605 2578 maiorem
637 2515 815 2576 divinitatis
847 2515 976 2577 Christi
1044 2501 1045 2509 ἵ

216 2614 433 2690 cognitionem
455 2615 700 2692 capessendam,
721 2625 755 2674 tu
779 2613 876 2674 etiam
900 2631 976 2674 cum
1043 2679 1044 2694 ἶ

215 2722 327 2773 sancto
345 2714 441 2774 Petro
457 2724 488 2775 et
505 2715 649 2773 Iohanne
672 2729 708 2772 ac
731 2712 803 2771 aliis
822 2711 978 2772 bisbinis

216 2810 384 2887 discipulis
407 2812 445 2872 ad
468 2811 658 2888 piscandum
682 2811 715 2870 in
735 2809 817 2869 mari
832 2809 858 2868 T
860 2810 978 2870 iberia·

179 2908 266 2968 zsdis
297 2920 332 2969 ut
362 2910 466 2969 laetus
496 2909 618 2969 sodalis
648 2925 764 2969 navem
796 2906 975 2967 ascendisti

215 3005 325 3082 ibique
344 3007 521 3067 Dominum
545 3024 640 3066 mane
663 3006 695 3065 in
718 3006 813 3065 litore
835 3013 976 3066 stantem

216 3103 387 3180 aspexisti3
423 3105 509 3181 quod
541 3105 697 3178 iusserat,
733 3103 839 3163 fecisti
873 3111 906 3164 et
937 3103 977 3162 de

217 3217 331 3278 magna
365 3202 503 3278 piscium
536 3213 668 3279 captura
699 3217 772 3261 cum
805 3199 977 3276 discipulis

216 3298 353 3359 laetatus
381 3316 417 3359 es
446 3312 478 3361 et
506 3301 547 3360 de
573 3317 656 3377 pane
679 3299 804 3361 Christi
833 3313 976 3374 assoque

180 3397 306 3472 aopisce
337 3397 457 3457 ibidem
489 3397 645 3458 divinitus
680 3397 799 3473 paratis
832 3396 975 3456 Domino

217 3492 255 3551 ad
278 3493 465 3553 convivium
488 3496 678 3555 exhortante
707 3494 849 3554 iucunde
872 3494 976 3554 refec-

577 3597 618 3639 aas
