2144 4194
234 441 274 492 ns
293 437 465 490 [srnnoucs
477 440 516 482 bc
526 439 593 481 vna
605 438 640 481 ετ
652 439 801 482 PASSlortss
813 439 932 492 nomm]
946 439 982 490 [a
1059 411 1060 470 Ϊ

235 573 326 634 cidos
356 583 450 634 amat.
498 573 590 633 Deus
620 573 744 648 puritas
775 585 841 635 est:
872 583 902 633 et
928 573 981 632 im·
1059 589 1060 630 t

234 687 334 748 puros
349 670 509 746 reprobat.
541 670 676 747 Fragilis
691 680 741 731 est
756 688 847 731 amor
861 671 981 746 mundi;

234 768 427 830 insatiabilis
458 786 539 828 usus
569 768 716 828 omnium
747 785 874 829 rerum:
902 769 981 845 quod
1059 781 1060 850 j

234 876 342 927 autem
372 875 480 926 manet
508 866 542 926 in
564 877 751 942 aeternum,
780 867 842 926 hoc
864 867 982 927 animae

211 981 348 1027 sverum
363 967 495 1026 bonum.
519 964 651 1026 Crescit
666 982 757 1026 amor
767 965 886 1026 summi
896 964 981 1024 boni:

234 1063 322 1123 omni
355 1079 390 1122 re
421 1062 585 1122 mundana
616 1071 810 1138 contempta.
858 1061 983 1122 Orietur

234 1161 290 1223 tibi
305 1160 458 1237 gaudium
476 1158 693 1219 intrinsecus:
715 1159 742 1219 si
762 1160 888 1221 fortiter
901 1160 983 1220 vitiis

234 1258 414 1320 reluctaris.
442 1259 596 1333 Dumque
611 1257 692 1317 ioris
707 1257 752 1316 nil
768 1259 982 1320 transitorium
1059 1251 1060 1256 ’

234 1355 376 1433 appetis:
404 1354 560 1431 splendor
581 1354 664 1414 lucis
692 1366 845 1416 aeternae
871 1356 982 1417 clarius

201 1455 381 1531 roinfulget.
422 1453 540 1514 Sancto
562 1452 633 1512 viro
655 1453 763 1529 gravis
785 1465 836 1515 est
856 1465 982 1516 naturae

235 1552 432 1613 necessitas:
468 1551 576 1611 carnis
607 1568 685 1610 vero
716 1552 867 1627 voluptas
901 1561 982 1612 casto

235 1650 323 1712 cordi
355 1649 526 1710 infernalis
558 1648 732 1709 calamitas.
780 1649 870 1711 Nihil
902 1650 981 1710 enim

234 1748 321 1809 aliud
350 1747 479 1824 pariunt
505 1746 652 1806 carnales
673 1745 865 1807 illecebrae:
892 1762 981 1823 quam

234 1846 385 1907 incendia
413 1855 564 1906 aeternae
590 1844 769 1920 gehennae.
813 1846 876 1906 Det
898 1847 982 1905 Deus

201 1945 314 2004 rshaec
343 1958 556 2019 praecavere:
588 1950 619 2001 et
647 1941 813 2018 angelicae
841 1941 983 2019 puritatis

234 2040 422 2117 dignitatem
453 2056 595 2100 servare.
639 2039 753 2100 iuvant
781 2040 922 2100 maxime
948 2041 983 2100 ad

234 2139 341 2198 cordis
364 2137 573 2212 munditiam,
594 2137 760 2213 perlectus
782 2148 983 2215 contemptus

233 2236 373 2310 saeculi3
403 2235 572 2311 abnegatio
603 2235 655 2294 sui
684 2245 817 2311 propter
845 2253 983 2297 amorem

233 2334 376 2396 Christi:
404 2342 435 2393 et
463 2333 619 2409 frequens
641 2333 806 2394 meditatio
829 2335 920 2396 verbi
941 2336 984 2396 in·
1058 2335 1059 2364 l

195 2432 364 2492 arcamati.
394 2432 520 2491 Munda
541 2431 650 2507 itaque
672 2432 842 2508 speculum
866 2435 984 2494 cordis:

233 2530 260 2589 si
291 2530 398 2590 Deum
427 2529 546 2589 intueri
576 2530 793 2605 concupiscis.
841 2533 985 2592 Delecta·
1058 2565 1059 2594 r

232 2627 429 2688 bilissimum
452 2638 502 2686 est
523 2626 693 2687 veritatem
712 2637 808 2704 atque
823 2639 984 2691 aeternam

232 2724 423 2800 sapientiam
442 2724 614 2800 speculari.
646 2723 697 2784 Ad
712 2734 831 2786 statum
846 2728 984 2802 purioris

231 2821 333 2882 vitae:
362 2821 511 2897 perducit
534 2821 700 2882 interioris
722 2823 866 2884 hominis
889 2826 985 2886 reior-

195 2918 329 2979 2smatio
351 2935 439 2978 sana.
481 2918 614 2979 Seducit
635 2929 743 2980 autem
766 2931 798 2981 et
820 2922 985 2984 contundit

231 3025 394 3076 mentem:
435 3015 564 3075 curiosa
602 3017 736 3078 sectatio
772 3019 984 3082 sensibilium.
1057 3013 1058 3030 ¹

231 3111 348 3174 Trahat
363 3124 395 3174 te
410 3115 504 3175 avide
519 3116 559 3176 ad
574 3116 702 3178 interna
715 3118 884 3195 gustanda,
901 3130 984 3195 opta·
1057 3161 1058 3170 ι

230 3209 305 3270 bilis
337 3212 456 3272 mentis
484 3214 720 3290 tranquillitas:
751 3233 814 3292 qua
844 3218 985 3280 suaviter

233 3305 385 3366 Fruuntur
406 3308 460 3383 qui
484 3308 517 3367 in
539 3309 678 3384 puritate
693 3311 791 3372 vitam
814 3325 922 3389 agunt.
952 3316 983 3376 Si

194 3403 329 3466 sohuius
364 3405 513 3481 puritatis
548 3408 650 3483 gestis
685 3410 806 3470 habere
838 3412 984 3492 delicias;

231 3517 310 3561 cave
331 3503 547 3564 turbationes:
577 3515 673 3581 atque
695 3507 915 3570 turbationum
937 3529 982 3572 re-

593 3608 631 3652 154
