2122 4196
128 511 131 518 Ι
177 459 218 510 ns
236 456 408 509 [sermones
420 458 458 499 ox
468 456 535 499 vtrl
547 457 583 500 Ετ
594 456 742 500 rxsstorve
754 457 882 511 uolunt]
899 459 943 511 ω

179 591 305 666 praeire
322 592 402 668 leci3
418 593 608 669 frequenter
621 609 680 668 per
694 591 769 651 illos
784 592 941 652 mandavi

178 697 210 748 et
232 689 438 765 annuntiavi,
467 699 501 750 ut
523 689 721 750 desiderium
744 689 941 749 excitarem:

178 795 211 845 et
223 787 376 862 gaudium
393 788 432 847 de
446 788 585 847 adventu
597 804 670 847 meo
682 787 941 863 magnificarem.

178 883 261 943 Nam
278 901 414 961 magnus
430 903 487 945 rex
498 885 615 945 alicubi
626 895 801 946 venturus:
817 903 951 962 magno,

154 981 340 1042 sdesiderio
352 992 402 1043 est
412 983 652 1059 suscipiendus.
673 983 739 1060 Qui
751 1000 827 1060 ergo
836 985 940 1043 vehe-

178 1089 305 1140 menter
326 1097 379 1140 me
401 1081 579 1141 desiderat:
601 1081 704 1157 magis
726 1081 766 1140 de
780 1097 940 1156 praesen-

177 1177 221 1237 tia
236 1194 308 1237 mea
323 1195 397 1237 cum
413 1195 535 1239 venero
550 1179 711 1255 gaudebit.
742 1178 808 1255 Qui
824 1187 937 1238 autem

177 1275 299 1335 mundo
321 1276 450 1336 deditus
472 1287 539 1337 est:
568 1293 621 1336 me
650 1276 838 1336 desiderare
867 1293 935 1336 non

177 1381 293 1448 potest.
330 1372 395 1449 Qui
418 1391 497 1433 vero
520 1390 617 1433 omne
639 1373 751 1433 mundi
774 1373 936 1433 solacium

142 1470 318 1545 rospemit,
346 1487 383 1530 ac
405 1471 633 1532 distractiones
655 1469 763 1530 cordis
793 1470 937 1546 fugiens,

177 1567 257 1627 sein
269 1567 392 1627 intimis
403 1567 572 1644 recolligit,
587 1577 719 1628 aeterna
731 1568 937 1644 desiderans,

177 1665 361 1740 praesentia
380 1665 566 1725 fastidiens:
588 1665 659 1741 ipse
675 1665 761 1725 diem
776 1666 936 1727 visitatio-

176 1762 228 1822 nis
250 1779 342 1822 meae
365 1772 397 1822 et
411 1763 524 1822 horam
539 1763 699 1823 adventus
715 1762 824 1823 Sancti
842 1781 937 1824 sanc-

175 1871 293 1936 torum,
315 1860 466 1920 caelestis
489 1878 619 1938 quoque
636 1861 735 1938 Regis
755 1862 934 1938 gloriosam

142 1980 166 2020 15
176 1958 393 2035 praesentiam
409 1958 593 2017 accelerare
604 1958 798 2033 deprecatur
808 1959 935 2020 dicens,

175 2056 260 2118 Veni
284 2055 424 2115 Domine
455 2055 588 2115 visitare
619 2072 672 2115 me
703 2056 736 2116 in
768 2074 865 2132 pace:
900 2068 937 2118 ut

175 2155 277 2215 laeter
298 2170 406 2213 coram
429 2162 461 2213 te
481 2153 578 2212 corde
593 2153 748 2228 perfecto.
778 2153 863 2215 Veni
879 2155 935 2215 de-

176 2252 332 2313 siderium
365 2250 472 2310 cordis
503 2250 585 2310 mei:
619 2251 729 2310 lumen
761 2253 933 2314 oculorum

176 2367 323 2409 meorum
346 2358 377 2408 et
400 2365 469 2423 pax.
498 2346 546 2406 Tu
569 2364 645 2423 spes
663 2365 736 2407 mea
751 2349 935 2424 expectatio

139 2447 286 2507 oolsrael.
330 2446 365 2505 ln
388 2454 419 2504 te
442 2444 581 2520 speravi,
610 2462 652 2504 ne
674 2445 857 2506 confundas
880 2463 935 2506 me

175 2545 213 2603 ab
236 2543 460 2620 expectatione
482 2559 570 2602 mea:
593 2543 669 2619 quia
689 2542 728 2602 ad
743 2551 775 2602 te
790 2543 934 2603 animam

175 2658 280 2701 meam
297 2659 370 2701 cum
393 2640 556 2700 desiderio
576 2640 692 2700 levavi.
720 2639 788 2699 Tali
805 2641 935 2702 animae

175 2739 222 2798 sic
233 2738 442 2813 desideranti,
458 2747 489 2798 et
500 2755 552 2798 me
563 2738 603 2796 de
619 2738 671 2798 die
682 2738 716 2798 in
732 2739 818 2800 diem
834 2757 934 2817 quae·

175 2837 258 2897 renti
281 2837 344 2896 cito
366 2836 544 2912 apparebo:
572 2845 603 2896 et
625 2853 678 2896 me
700 2837 808 2913 ipsum
830 2840 935 2900 mani·

138 2934 310 2994 zsfestabo.
354 2933 419 3009 Ego
448 2932 535 2993 enim
559 2950 631 2994 sum
655 2934 817 2994 Dominus
840 2937 933 2996 Deus

175 3032 264 3092 eius:
289 3032 345 3109 qui
367 3033 496 3091 locutus
518 3048 591 3090 sum
614 3032 647 3092 in
669 3033 850 3108 prophetis.
895 3035 933 3095 Et

174 3146 279 3207 usque
301 3147 388 3189 nunc
410 3130 527 3206 loquor
545 3129 711 3189 omnibus:
733 3130 792 3190 sed
807 3132 933 3207 specia-

174 3227 248 3287 liter
269 3237 377 3287 tamen
392 3226 507 3286 amicis
527 3226 610 3286 meis
633 3225 799 3302 fidelibus3
822 3228 933 3305 singu·

174 3324 284 3385 lariter
299 3334 406 3384 autern
423 3324 453 3384 ei
469 3324 523 3401 qui
541 3341 617 3399 prae
629 3325 747 3384 ceteris
763 3342 816 3385 me
828 3327 932 3403 magis

138 3422 319 3484 coaffectat:
348 3431 444 3499 atque
473 3422 678 3482 reverentius
707 3422 878 3498 suscipere
901 3433 934 3485 et

175 3521 214 3578 ad
236 3537 272 3579 se
299 3519 506 3580 introducere
529 3518 739 3594 concupiscit.
783 3518 821 3580 Et
844 3538 932 3581 nunc

541 3621 568 3662 ss
