2144 4194
81 451 405 512 mmm
442 459 486 510 [15]
521 453 842 512 AEQQQQ

81 598 255 649 converte:
284 600 318 651 et
346 591 436 651 disce
466 591 498 650 in
527 591 644 668 spiritu
666 592 841 653 ambulare.
925 642 929 649 .

84 685 126 745 In
148 687 216 747 iesu
232 688 320 749 enirn
335 689 446 749 verbis
461 688 598 749 vivitur:
620 698 652 749 et
668 689 701 749 in
724 689 842 750 talibus

81 783 155 843 vita
187 786 319 861 spiritus
352 787 410 847 tui.
462 787 518 847 Est
554 785 715 863 siquidem
749 787 842 847 lesus

82 880 284 960 ignorantiae
320 884 452 944 lumen:
488 893 520 944 et
556 884 689 944 unicum
720 884 842 944 doloris

82 980 240 1041 solamen.
277 981 362 1041 Audi
386 999 462 1058 ergo
484 982 621 1042 verbum
644 984 730 1059 quod
753 997 866 1059 egre-s

83 1077 173 1137 ditur
192 1078 231 1138 de
254 1083 311 1139 ore
334 1079 414 1139 Dei:
443 1089 474 1140 et
500 1080 540 1140 de
563 1080 657 1140 labiis
678 1080 842 1141 benedicti

83 1174 171 1235 Iesu.
212 1175 267 1237 Ait
297 1193 439 1253 namque
471 1177 708 1238 mundissimus
739 1179 841 1238 lesus.

83 1271 177 1332 Beati
200 1273 321 1333 mundo
344 1274 458 1334 corde:
482 1274 635 1350 quoniam
656 1275 717 1351 ipsi
735 1277 841 1335 Deum

81 1369 249 1432 videbunt.
281 1371 392 1433 Altum
415 1373 570 1433 verbum:
592 1373 668 1449 quia
689 1375 728 1434 ab
744 1373 842 1434 Altis·

82 1467 168 1527 simo
196 1471 366 1545 prolatum.
409 1470 529 1547 Magna
557 1471 749 1547 promissio:
782 1472 877 1531 sedro

81 1583 250 1627 asumma
271 1567 408 1628 veritate
433 1567 567 1629 firmata.
604 1569 696 1629 Beati
719 1570 840 1629 mundo

82 1663 191 1724 corde.
241 1664 270 1725 Ο
303 1665 399 1725 dulce
430 1665 571 1726 dictum:
607 1667 693 1742 quod
725 1667 841 1727 merito

81 1759 197 1822 invitat
225 1760 371 1821 animum
400 1761 439 1820 ad
467 1761 677 1822 beatitudinis
704 1762 841 1838 promis-

82 1876 174 1934 sum;
199 1876 273 1918 nam
298 1859 389 1918 Deus
411 1868 462 1919 est
482 1859 680 1934 praemium:
705 1869 737 1920 et
758 1860 840 1919 nihil

82 1957 136 2016 hic
159 1966 251 2017 sonat
274 1965 452 2017 terrenum.
493 1957 526 2017 Si
549 1958 654 2033 placet
675 1959 840 2019 beatitudo
852 1980 881 2042 rs¹

81 2053 261 2130 promissa3
283 2054 407 2129 placeat
430 2064 461 2115 et
484 2055 591 2114 cordis
610 2056 784 2117 munditia:
806 2066 841 2117 ut

81 2151 195 2212 videas
218 2150 325 2210 Deum
355 2150 490 2209 deorum
520 2150 553 2209 in
577 2150 665 2212 Sion.
708 2151 758 2212 Ad
785 2170 842 2212 cor

82 2250 305 2312 mundandum
328 2260 394 2311 tota
415 2250 527 2327 vigilet
549 2251 702 2312 intentio:
726 2260 757 2311 et
773 2269 841 2312 cre-

81 2350 141 2408 bra
172 2349 334 2408 fervescat
365 2348 476 2409 oratio.
529 2349 635 2409 Habet
666 2349 754 2409 enim
786 2367 842 2410 cor

7 2499 8 2504 ,
82 2463 256 2507 serenum:
287 2444 450 2505 infinitum
477 2446 598 2507 bonum
621 2447 682 2507 sibi
705 2449 878 2523 promis-20

82 2561 169 2605 sum.
201 2543 327 2620 Sperne
349 2543 447 2620 igitur
468 2544 642 2604 mundum:
665 2554 696 2604 et
719 2545 842 2621 optine-

81 2642 136 2702 bis
165 2641 302 2702 caelum.
346 2641 507 2717 Relinque
529 2651 711 2702 creaturas:
740 2654 771 2702 et
795 2643 842 2702 in-

82 2739 200 2801 venies
232 2738 435 2800 Creatorem.
483 2740 606 2799 Desine
637 2740 843 2815 temporalia:

84 2847 117 2898 et
147 2837 309 2897 dabuntur
336 2836 392 2896 tibi
421 2837 628 2914 sempiterna.
672 2837 746 2897 Non
770 2855 843 2913 pos-

84 2945 164 2996 sunt
183 2933 283 2994 simili
298 2933 391 2993 lance
405 2935 536 3010 pensari
553 2935 679 2994 caelum
695 2944 727 2995 et
741 2945 880 2996 terra:25

85 3049 148 3093 nec
177 3040 285 3108 potest
312 3031 433 3107 pariter
459 3031 522 3091 frui
546 3033 637 3091 Deus
659 3049 734 3091 cum
756 3049 843 3092 crea-

86 3141 168 3192 tura.
212 3130 277 3206 Qui
308 3130 425 3191 creatis
454 3132 552 3191 rebus
581 3132 745 3193 innititur:
773 3133 843 3192 Deo

87 3245 204 3288 vacare
226 3228 410 3304 impeditur.
453 3229 599 3289 Mundus
621 3247 639 3289 a
660 3230 845 3304 mundanis

89 3336 122 3386 et
149 3325 232 3385 liber
260 3344 278 3385 a
303 3326 528 3402 passionibus:
557 3327 689 3388 caelesti
716 3327 844 3386 visione

90 3424 125 3484 fit
146 3423 273 3500 dignus,
315 3424 446 3501 Quanto
468 3424 556 3484 enim
579 3424 652 3500 quis
675 3424 881 3485 mundiorzso

90 3531 176 3585 tanto
200 3523 271 3582 Deo
292 3521 422 3600 gratior.
464 3523 555 3582 Deus
577 3522 631 3582 lux
654 3532 719 3583 est:
744 3529 776 3581 et
797 3521 844 3581 lu-

451 3626 489 3668 rss
