<?xml version="1.0" encoding="UTF-8"?>
<!DOCTYPE html PUBLIC "-//W3C//DTD XHTML 1.0 Transitional//EN"
    "http://www.w3.org/TR/xhtml1/DTD/xhtml1-transitional.dtd">
<html xmlns="http://www.w3.org/1999/xhtml" xml:lang="en" lang="en">
 <head>
  <title>
</title>
<meta http-equiv="Content-Type" content="text/html;charset=utf-8" />
  <meta name='ocr-system' content='tesseract 3.04.00' />
  <meta name='ocr-capabilities' content='ocr_page ocr_carea ocr_par ocr_line ocrx_word'/>
</head>
<body>
  <div class='ocr_page' id='page_1' title='image "./thomaehemerkena01pohlgoog_0382.png"; bbox 0 0 2114 4168; ppageno 0'>
   <div class='ocr_carea' id='block_1_1' title="bbox 82 453 843 506">
    <p class='ocr_par' dir='ltr' id='par_1_1' title="bbox 82 437 843 506">
     <span class='ocr_line' id='line_1_1' title="bbox 82 453 843 506; baseline -0.003 0"><span class='ocrx_word' id='word_1_1' title='bbox 82 453 407 506; x_wconf 55' lang='lat' dir='ltr'>mammaeam</span> <span class='ocrx_word' id='word_1_2' title='bbox 456 455 480 496; x_wconf 80' lang='grc' dir='ltr'>ιο</span> <span class='ocrx_word' id='word_1_3' title='bbox 523 453 843 506; x_wconf 61' lang='lat' dir='ltr'>msamaareaoaaso</span> 
     </span>
    </p>
   </div>
   <div class='ocr_carea' id='block_1_2' title="bbox 81 585 882 3496">
    <p class='ocr_par' dir='ltr' id='par_1_2' title="bbox 81 585 882 3496">
     <span class='ocr_line' id='line_1_2' title="bbox 83 585 843 662; baseline -0.004 -16"><span class='ocrx_word' id='word_1_4' title='bbox 83 598 117 646; x_wconf 91' lang='lat' dir='ltr'>et</span> <span class='ocrx_word' id='word_1_5' title='bbox 140 587 241 646; x_wconf 90' lang='lat' dir='ltr'>robur</span> <span class='ocrx_word' id='word_1_6' title='bbox 262 587 382 646; x_wconf 89' lang='lat' dir='ltr'>mentis</span> <span class='ocrx_word' id='word_1_7' title='bbox 401 605 419 646; x_wconf 89' lang='lat' dir='ltr'>a</span> <span class='ocrx_word' id='word_1_8' title='bbox 435 604 487 647; x_wconf 92' lang='lat' dir='ltr'>me</span> <span class='ocrx_word' id='word_1_9' title='bbox 503 587 636 662; x_wconf 88' lang='lat' dir='ltr'>recedit,</span> <span class='ocrx_word' id='word_1_10' title='bbox 658 586 738 646; x_wconf 91' lang='lat' dir='ltr'>etin</span> <span class='ocrx_word' id='word_1_11' title='bbox 754 585 843 644; x_wconf 90' lang='lat' dir='ltr'>nulla</span> 
     </span>
     <span class='ocr_line' id='line_1_3' title="bbox 81 683 842 761; baseline -0.003 -17"><span class='ocrx_word' id='word_1_12' title='bbox 81 702 119 745; x_wconf 90' lang='lat' dir='ltr'>re</span> <span class='ocrx_word' id='word_1_13' title='bbox 152 702 206 744; x_wconf 92' lang='lat' dir='ltr'>me</span> <span class='ocrx_word' id='word_1_14' title='bbox 237 685 344 761; x_wconf 91' lang='lat' dir='ltr'>ipsum</span> <span class='ocrx_word' id='word_1_15' title='bbox 380 684 493 744; x_wconf 90' lang='lat' dir='ltr'>iuvare</span> <span class='ocrx_word' id='word_1_16' title='bbox 524 701 678 760; x_wconf 91' lang='lat' dir='ltr'>possum:</span> <span class='ocrx_word' id='word_1_17' title='bbox 714 683 842 760; x_wconf 91' lang='lat' dir='ltr'>quando</span> 
     </span>
     <span class='ocr_line' id='line_1_4' title="bbox 82 781 843 858; baseline -0.004 -16"><span class='ocrx_word' id='word_1_18' title='bbox 82 783 228 842; x_wconf 87' lang='lat' dir='ltr'>taedium</span> <span class='ocrx_word' id='word_1_19' title='bbox 251 783 434 858; x_wconf 89' lang='lat' dir='ltr'>praesentis</span> <span class='ocrx_word' id='word_1_20' title='bbox 457 783 541 842; x_wconf 90' lang='lat' dir='ltr'>vitae</span> <span class='ocrx_word' id='word_1_21' title='bbox 564 791 596 841; x_wconf 93' lang='lat' dir='ltr'>et</span> <span class='ocrx_word' id='word_1_22' title='bbox 612 781 758 841; x_wconf 85' lang='lat' dir='ltr'><strong>anxietas</strong></span> <span class='ocrx_word' id='word_1_23' title='bbox 774 797 843 839; x_wconf 93' lang='lat' dir='ltr'>cor-</span> 
     </span>
     <span class='ocr_line' id='line_1_5' title="bbox 83 877 842 958; baseline -0.005 -19"><span class='ocrx_word' id='word_1_24' title='bbox 83 880 136 940; x_wconf 91' lang='lat' dir='ltr'>dis</span> <span class='ocrx_word' id='word_1_25' title='bbox 158 897 211 940; x_wconf 92' lang='lat' dir='ltr'>me</span> <span class='ocrx_word' id='word_1_26' title='bbox 234 881 278 940; x_wconf 90' lang='lat' dir='ltr'>ita</span> <span class='ocrx_word' id='word_1_27' title='bbox 299 881 502 958; x_wconf 80' lang='lat' dir='ltr'>constringit,</span> <span class='ocrx_word' id='word_1_28' title='bbox 523 889 558 940; x_wconf 94' lang='lat' dir='ltr'>ut</span> <span class='ocrx_word' id='word_1_29' title='bbox 580 895 683 955; x_wconf 89' lang='lat' dir='ltr'>paene</span> <span class='ocrx_word' id='word_1_30' title='bbox 705 877 786 937; x_wconf 90' lang='lat' dir='ltr'>nihil</span> <span class='ocrx_word' id='word_1_31' title='bbox 810 877 842 936; x_wconf 95' lang='lat' dir='ltr'>in</span> 
     </span>
     <span class='ocr_line' id='line_1_6' title="bbox 84 975 865 1055; baseline -0.006 -17"><span class='ocrx_word' id='word_1_32' title='bbox 84 980 147 1038; x_wconf 88' lang='lat' dir='ltr'>hoc</span> <span class='ocrx_word' id='word_1_33' title='bbox 178 980 300 1038; x_wconf 91' lang='lat' dir='ltr'>mundo</span> <span class='ocrx_word' id='word_1_34' title='bbox 329 979 444 1038; x_wconf 87' lang='lat' dir='ltr'>libeat:</span> <span class='ocrx_word' id='word_1_35' title='bbox 473 978 602 1055; x_wconf 89' lang='lat' dir='ltr'>quando</span> <span class='ocrx_word' id='word_1_36' title='bbox 631 977 680 1036; x_wconf 89' lang='lat' dir='ltr'>sol</span> <span class='ocrx_word' id='word_1_37' title='bbox 703 975 865 1036; x_wconf 81' lang='lat' dir='ltr'>laetitiaes</span> 
     </span>
     <span class='ocr_line' id='line_1_7' title="bbox 83 1073 842 1152; baseline -0.008 -15"><span class='ocrx_word' id='word_1_38' title='bbox 83 1077 118 1137; x_wconf 95' lang='lat' dir='ltr'>in</span> <span class='ocrx_word' id='word_1_39' title='bbox 148 1087 279 1137; x_wconf 91' lang='lat' dir='ltr'>noctem</span> <span class='ocrx_word' id='word_1_40' title='bbox 302 1076 418 1137; x_wconf 84' lang='lat' dir='ltr'>transit</span> <span class='ocrx_word' id='word_1_41' title='bbox 439 1075 570 1152; x_wconf 89' lang='lat' dir='ltr'>pavoris</span> <span class='ocrx_word' id='word_1_42' title='bbox 592 1085 623 1135; x_wconf 90' lang='lat' dir='ltr'>et</span> <span class='ocrx_word' id='word_1_43' title='bbox 646 1073 842 1134; x_wconf 89' lang='lat' dir='ltr'>maestitiae:</span> 
     </span>
     <span class='ocr_line' id='line_1_8' title="bbox 82 1169 843 1251; baseline -0.008 -17"><span class='ocrx_word' id='word_1_44' title='bbox 82 1175 215 1251; x_wconf 87' lang='lat' dir='ltr'>quando</span> <span class='ocrx_word' id='word_1_45' title='bbox 245 1176 397 1236; x_wconf 90' lang='lat' dir='ltr'>caelestis</span> <span class='ocrx_word' id='word_1_46' title='bbox 426 1173 631 1235; x_wconf 89' lang='lat' dir='ltr'>subtrabitur·</span> <span class='ocrx_word' id='word_1_47' title='bbox 653 1169 843 1244; x_wconf 91' lang='lat' dir='ltr'>consolatio,</span> 
     </span>
     <span class='ocr_line' id='line_1_9' title="bbox 83 1267 841 1350; baseline -0.011 -16"><span class='ocrx_word' id='word_1_48' title='bbox 83 1283 117 1334; x_wconf 89' lang='lat' dir='ltr'>et</span> <span class='ocrx_word' id='word_1_49' title='bbox 131 1274 241 1350; x_wconf 89' lang='lat' dir='ltr'>gravis</span> <span class='ocrx_word' id='word_1_50' title='bbox 254 1274 403 1335; x_wconf 89' lang='lat' dir='ltr'>imminet</span> <span class='ocrx_word' id='word_1_51' title='bbox 418 1271 592 1333; x_wconf 83' lang='lat' dir='ltr'>desolatio:</span> <span class='ocrx_word' id='word_1_52' title='bbox 608 1269 737 1346; x_wconf 90' lang='lat' dir='ltr'>quando</span> <span class='ocrx_word' id='word_1_53' title='bbox 753 1267 841 1328; x_wconf 91' lang='lat' dir='ltr'>venti</span> 
     </span>
     <span class='ocr_line' id='line_1_10' title="bbox 82 1371 844 1447; baseline -0.009 -17"><span class='ocrx_word' id='word_1_54' title='bbox 82 1371 333 1446; x_wconf 82' lang='lat' dir='ltr'>temptationum</span> <span class='ocrx_word' id='word_1_55' title='bbox 364 1371 553 1447; x_wconf 91' lang='lat' dir='ltr'>insurgunt,</span> <span class='ocrx_word' id='word_1_56' title='bbox 582 1377 614 1427; x_wconf 91' lang='lat' dir='ltr'>et</span> <span class='ocrx_word' id='word_1_57' title='bbox 643 1376 751 1425; x_wconf 91' lang='lat' dir='ltr'>motus</span> <span class='ocrx_word' id='word_1_58' title='bbox 772 1382 844 1441; x_wconf 92' lang='lat' dir='ltr'>pas·</span> 
     </span>
     <span class='ocr_line' id='line_1_11' title="bbox 82 1462 880 1545; baseline -0.008 -18"><span class='ocrx_word' id='word_1_59' title='bbox 82 1467 215 1528; x_wconf 89' lang='lat' dir='ltr'>sionum</span> <span class='ocrx_word' id='word_1_60' title='bbox 246 1486 282 1529; x_wconf 92' lang='lat' dir='ltr'>se</span> <span class='ocrx_word' id='word_1_61' title='bbox 311 1468 455 1545; x_wconf 92' lang='lat' dir='ltr'>erigunt:</span> <span class='ocrx_word' id='word_1_62' title='bbox 485 1466 613 1544; x_wconf 90' lang='lat' dir='ltr'>quando</span> <span class='ocrx_word' id='word_1_63' title='bbox 636 1464 732 1523; x_wconf 87' lang='lat' dir='ltr'>etiarn</span> <span class='ocrx_word' id='word_1_64' title='bbox 755 1462 880 1522; x_wconf 85' lang='lat' dir='ltr'>infir-10</span> 
     </span>
     <span class='ocr_line' id='line_1_12' title="bbox 83 1560 843 1643; baseline -0.008 -18"><span class='ocrx_word' id='word_1_65' title='bbox 83 1566 182 1627; x_wconf 90' lang='lat' dir='ltr'>mitas</span> <span class='ocrx_word' id='word_1_66' title='bbox 204 1566 382 1643; x_wconf 92' lang='lat' dir='ltr'>improvisa</span> <span class='ocrx_word' id='word_1_67' title='bbox 403 1566 529 1640; x_wconf 89' lang='lat' dir='ltr'>accidit,</span> <span class='ocrx_word' id='word_1_68' title='bbox 551 1573 583 1623; x_wconf 93' lang='lat' dir='ltr'>et</span> <span class='ocrx_word' id='word_1_69' title='bbox 603 1562 665 1622; x_wconf 92' lang='lat' dir='ltr'>alia</span> <span class='ocrx_word' id='word_1_70' title='bbox 681 1560 843 1638; x_wconf 87' lang='lat' dir='ltr'>quaelibet</span> 
     </span>
     <span class='ocr_line' id='line_1_13' title="bbox 83 1658 844 1740; baseline -0.003 -18"><span class='ocrx_word' id='word_1_71' title='bbox 83 1664 268 1724; x_wconf 83' lang='lat' dir='ltr'>adversitas</span> <span class='ocrx_word' id='word_1_72' title='bbox 293 1663 450 1724; x_wconf 90' lang='lat' dir='ltr'>occurrit:</span> <span class='ocrx_word' id='word_1_73' title='bbox 480 1662 609 1740; x_wconf 90' lang='lat' dir='ltr'>quando</span> <span class='ocrx_word' id='word_1_74' title='bbox 632 1658 844 1720; x_wconf 89' lang='lat' dir='ltr'>haecomnia</span> 
     </span>
     <span class='ocr_line' id='line_1_14' title="bbox 84 1761 842 1840; baseline 0.003 -20"><span class='ocrx_word' id='word_1_75' title='bbox 84 1761 223 1820; x_wconf 94' lang='lat' dir='ltr'>veniunt</span> <span class='ocrx_word' id='word_1_76' title='bbox 245 1778 345 1837; x_wconf 90' lang='lat' dir='ltr'>super</span> <span class='ocrx_word' id='word_1_77' title='bbox 366 1779 429 1837; x_wconf 91' lang='lat' dir='ltr'>me,</span> <span class='ocrx_word' id='word_1_78' title='bbox 451 1761 504 1821; x_wconf 91' lang='lat' dir='ltr'>ubi</span> <span class='ocrx_word' id='word_1_79' title='bbox 523 1762 642 1839; x_wconf 80' lang='lat' dir='ltr'>fugiam</span> <span class='ocrx_word' id='word_1_80' title='bbox 663 1774 695 1824; x_wconf 90' lang='lat' dir='ltr'>et</span> <span class='ocrx_word' id='word_1_81' title='bbox 710 1781 774 1840; x_wconf 94' lang='lat' dir='ltr'>quo</span> <span class='ocrx_word' id='word_1_82' title='bbox 790 1779 842 1822; x_wconf 92' lang='lat' dir='ltr'>me</span> 
     </span>
     <span class='ocr_line' id='line_1_15' title="bbox 84 1845 842 1936; baseline 0.003 -17"><span class='ocrx_word' id='word_1_83' title='bbox 84 1845 222 1934; x_wconf 88' lang='lat' dir='ltr'>vertam,</span> <span class='ocrx_word' id='word_1_84' title='bbox 244 1859 306 1918; x_wconf 88' lang='lat' dir='ltr'>nisi</span> <span class='ocrx_word' id='word_1_85' title='bbox 325 1860 365 1919; x_wconf 90' lang='lat' dir='ltr'>ad</span> <span class='ocrx_word' id='word_1_86' title='bbox 379 1870 421 1934; x_wconf 92' lang='lat' dir='ltr'>te,</span> <span class='ocrx_word' id='word_1_87' title='bbox 443 1859 711 1936; x_wconf 87' lang='lat' dir='ltr'>benignissimam</span> <span class='ocrx_word' id='word_1_88' title='bbox 728 1878 842 1921; x_wconf 92' lang='lat' dir='ltr'>conso-</span> 
     </span>
     <span class='ocr_line' id='line_1_16' title="bbox 84 1956 878 2033; baseline -0.004 -18"><span class='ocrx_word' id='word_1_89' title='bbox 84 1956 233 2016; x_wconf 88' lang='lat' dir='ltr'>latricem</span> <span class='ocrx_word' id='word_1_90' title='bbox 256 1957 462 2033; x_wconf 81' lang='lat' dir='ltr'>pauperum?</span> <span class='ocrx_word' id='word_1_91' title='bbox 503 1957 541 2016; x_wconf 90' lang='lat' dir='ltr'>Et</span> <span class='ocrx_word' id='word_1_92' title='bbox 562 1974 718 2033; x_wconf 91' lang='lat' dir='ltr'>quorsum</span> <span class='ocrx_word' id='word_1_93' title='bbox 741 1957 878 2033; x_wconf 74' lang='lat' dir='ltr'>respira</span> 
     </span>
     <span class='ocr_line' id='line_1_17' title="bbox 84 2052 841 2131; baseline 0.003 -19"><span class='ocrx_word' id='word_1_94' title='bbox 84 2052 187 2127; x_wconf 92' lang='lat' dir='ltr'>ciam,</span> <span class='ocrx_word' id='word_1_95' title='bbox 216 2062 250 2112; x_wconf 94' lang='lat' dir='ltr'>ut</span> <span class='ocrx_word' id='word_1_96' title='bbox 279 2063 407 2129; x_wconf 90' lang='lat' dir='ltr'>portum</span> <span class='ocrx_word' id='word_1_97' title='bbox 436 2054 589 2131; x_wconf 88' lang='lat' dir='ltr'>attingam</span> <span class='ocrx_word' id='word_1_98' title='bbox 618 2057 750 2131; x_wconf 89' lang='lat' dir='ltr'>salutis,</span> <span class='ocrx_word' id='word_1_99' title='bbox 779 2055 841 2115; x_wconf 93' lang='lat' dir='ltr'>nisi</span> 
     </span>
     <span class='ocr_line' id='line_1_18' title="bbox 84 2151 844 2228; baseline 0.003 -19"><span class='ocrx_word' id='word_1_100' title='bbox 84 2151 124 2210; x_wconf 89' lang='lat' dir='ltr'>ad</span> <span class='ocrx_word' id='word_1_101' title='bbox 146 2151 439 2227; x_wconf 85' lang='lat' dir='ltr'>praeclarissimam</span> <span class='ocrx_word' id='word_1_102' title='bbox 456 2154 556 2212; x_wconf 88' lang='lat' dir='ltr'>maris</span> <span class='ocrx_word' id='word_1_103' title='bbox 570 2153 697 2213; x_wconf 88' lang='lat' dir='ltr'>stellam</span> <span class='ocrx_word' id='word_1_104' title='bbox 713 2169 844 2228; x_wconf 89' lang='lat' dir='ltr'>semper</span> 
     </span>
     <span class='ocr_line' id='line_1_19' title="bbox 87 2249 843 2327; baseline 0.003 -20"><span class='ocrx_word' id='word_1_105' title='bbox 87 2249 267 2325; x_wconf 82' lang='lat' dir='ltr'>fulgentem</span> <span class='ocrx_word' id='word_1_106' title='bbox 292 2259 323 2308; x_wconf 90' lang='lat' dir='ltr'>et</span> <span class='ocrx_word' id='word_1_107' title='bbox 346 2267 522 2327; x_wconf 89' lang='lat' dir='ltr'>numquam</span> <span class='ocrx_word' id='word_1_108' title='bbox 546 2251 596 2310; x_wconf 92' lang='lat' dir='ltr'>sui</span> <span class='ocrx_word' id='word_1_109' title='bbox 619 2251 753 2311; x_wconf 90' lang='lat' dir='ltr'>luminis</span> <span class='ocrx_word' id='word_1_110' title='bbox 774 2267 843 2327; x_wconf 93' lang='lat' dir='ltr'>gra·</span> 
     </span>
     <span class='ocr_line' id='line_1_20' title="bbox 85 2346 843 2423; baseline 0 -17"><span class='ocrx_word' id='word_1_111' title='bbox 85 2346 163 2407; x_wconf 88' lang='lat' dir='ltr'>tiam</span> <span class='ocrx_word' id='word_1_112' title='bbox 193 2347 475 2407; x_wconf 78' lang='lat' dir='ltr'>abscondentem?</span> <span class='ocrx_word' id='word_1_113' title='bbox 518 2347 546 2409; x_wconf 95' lang='lat' dir='ltr'>O</span> <span class='ocrx_word' id='word_1_114' title='bbox 578 2348 698 2423; x_wconf 80' lang='lat' dir='ltr'>Maria,</span> <span class='ocrx_word' id='word_1_115' title='bbox 727 2348 843 2407; x_wconf 91' lang='lat' dir='ltr'>dilecta</span> 
     </span>
     <span class='ocr_line' id='line_1_21' title="bbox 85 2443 880 2521; baseline -0.006 -17"><span class='ocrx_word' id='word_1_116' title='bbox 85 2453 118 2504; x_wconf 91' lang='lat' dir='ltr'>et</span> <span class='ocrx_word' id='word_1_117' title='bbox 140 2443 247 2503; x_wconf 88' lang='lat' dir='ltr'>dulcis</span> <span class='ocrx_word' id='word_1_118' title='bbox 269 2454 381 2519; x_wconf 92' lang='lat' dir='ltr'>mater,</span> <span class='ocrx_word' id='word_1_119' title='bbox 403 2455 437 2504; x_wconf 93' lang='lat' dir='ltr'>tu</span> <span class='ocrx_word' id='word_1_120' title='bbox 456 2462 492 2504; x_wconf 89' lang='lat' dir='ltr'>es</span> <span class='ocrx_word' id='word_1_121' title='bbox 507 2446 570 2506; x_wconf 91' lang='lat' dir='ltr'>ista</span> <span class='ocrx_word' id='word_1_122' title='bbox 584 2445 880 2521; x_wconf 75' lang='lat' dir='ltr'>praeclarissimam</span> 
     </span>
     <span class='ocr_line' id='line_1_22' title="bbox 86 2541 844 2619; baseline 0.001 -18"><span class='ocrx_word' id='word_1_123' title='bbox 86 2541 187 2601; x_wconf 89' lang='lat' dir='ltr'>maris</span> <span class='ocrx_word' id='word_1_124' title='bbox 208 2542 312 2616; x_wconf 88' lang='lat' dir='ltr'>stella,</span> <span class='ocrx_word' id='word_1_125' title='bbox 333 2558 417 2617; x_wconf 91' lang='lat' dir='ltr'>quae</span> <span class='ocrx_word' id='word_1_126' title='bbox 440 2542 613 2602; x_wconf 89' lang='lat' dir='ltr'>universos</span> <span class='ocrx_word' id='word_1_127' title='bbox 635 2543 668 2603; x_wconf 94' lang='lat' dir='ltr'>in</span> <span class='ocrx_word' id='word_1_128' title='bbox 691 2554 722 2604; x_wconf 90' lang='lat' dir='ltr'>te</span> <span class='ocrx_word' id='word_1_129' title='bbox 743 2543 844 2619; x_wconf 88' lang='lat' dir='ltr'>respi-</span> 
     </span>
     <span class='ocr_line' id='line_1_23' title="bbox 85 2639 844 2700; baseline 0.001 -1"><span class='ocrx_word' id='word_1_130' title='bbox 85 2639 213 2699; x_wconf 90' lang='lat' dir='ltr'>cientes</span> <span class='ocrx_word' id='word_1_131' title='bbox 240 2640 332 2698; x_wconf 90' lang='lat' dir='ltr'>etad</span> <span class='ocrx_word' id='word_1_132' title='bbox 355 2648 386 2699; x_wconf 91' lang='lat' dir='ltr'>te</span> <span class='ocrx_word' id='word_1_133' title='bbox 409 2640 586 2699; x_wconf 90' lang='lat' dir='ltr'>clamantes</span> <span class='ocrx_word' id='word_1_134' title='bbox 609 2641 790 2700; x_wconf 90' lang='lat' dir='ltr'>consolaris</span> <span class='ocrx_word' id='word_1_135' title='bbox 812 2651 844 2700; x_wconf 92' lang='lat' dir='ltr'>et</span> 
     </span>
     <span class='ocr_line' id='line_1_24' title="bbox 85 2736 843 2813; baseline 0.001 -16"><span class='ocrx_word' id='word_1_136' title='bbox 85 2738 125 2797; x_wconf 92' lang='lat' dir='ltr'>ad</span> <span class='ocrx_word' id='word_1_137' title='bbox 148 2747 278 2812; x_wconf 91' lang='lat' dir='ltr'>portum</span> <span class='ocrx_word' id='word_1_138' title='bbox 301 2736 543 2812; x_wconf 89' lang='lat' dir='ltr'>tranquillitatis</span> <span class='ocrx_word' id='word_1_139' title='bbox 565 2737 662 2798; x_wconf 90' lang='lat' dir='ltr'>citius</span> <span class='ocrx_word' id='word_1_140' title='bbox 681 2738 843 2813; x_wconf 90' lang='lat' dir='ltr'>perducis.</span> 
     </span>
     <span class='ocr_line' id='line_1_25' title="bbox 86 2833 843 2910; baseline 0.001 -16"><span class='ocrx_word' id='word_1_141' title='bbox 86 2833 137 2894; x_wconf 81' lang='lat' dir='ltr'>Ad</span> <span class='ocrx_word' id='word_1_142' title='bbox 161 2844 193 2893; x_wconf 90' lang='lat' dir='ltr'>te</span> <span class='ocrx_word' id='word_1_143' title='bbox 215 2850 293 2910; x_wconf 90' lang='lat' dir='ltr'>ergo</span> <span class='ocrx_word' id='word_1_144' title='bbox 315 2833 412 2893; x_wconf 91' lang='lat' dir='ltr'>hodie</span> <span class='ocrx_word' id='word_1_145' title='bbox 428 2834 580 2910; x_wconf 84' lang='lat' dir='ltr'>coniugio</span> <span class='ocrx_word' id='word_1_146' title='bbox 604 2845 636 2894; x_wconf 92' lang='lat' dir='ltr'>et</span> <span class='ocrx_word' id='word_1_147' title='bbox 654 2853 673 2895; x_wconf 91' lang='lat' dir='ltr'>a</span> <span class='ocrx_word' id='word_1_148' title='bbox 692 2845 723 2895; x_wconf 92' lang='lat' dir='ltr'>te</span> <span class='ocrx_word' id='word_1_149' title='bbox 740 2835 843 2895; x_wconf 89' lang='lat' dir='ltr'>iuvari</span> 
     </span>
     <span class='ocr_line' id='line_1_26' title="bbox 85 2931 881 3009; baseline -0.005 -17"><span class='ocrx_word' id='word_1_150' title='bbox 85 2931 279 3008; x_wconf 90' lang='lat' dir='ltr'>suppliciter</span> <span class='ocrx_word' id='word_1_151' title='bbox 307 2948 466 3008; x_wconf 86' lang='lat' dir='ltr'>exposco,</span> <span class='ocrx_word' id='word_1_152' title='bbox 497 2933 573 3009; x_wconf 93' lang='lat' dir='ltr'>quia</span> <span class='ocrx_word' id='word_1_153' title='bbox 601 2933 758 3009; x_wconf 91' lang='lat' dir='ltr'>quidquid</span> <span class='ocrx_word' id='word_1_154' title='bbox 790 2949 881 2993; x_wconf 80' lang='lat' dir='ltr'>vo-25</span> 
     </span>
     <span class='ocr_line' id='line_1_27' title="bbox 85 3029 843 3106; baseline 0.003 -18"><span class='ocrx_word' id='word_1_155' title='bbox 85 3029 207 3103; x_wconf 92' lang='lat' dir='ltr'>lueris,</span> <span class='ocrx_word' id='word_1_156' title='bbox 236 3047 253 3088; x_wconf 91' lang='lat' dir='ltr'>a</span> <span class='ocrx_word' id='word_1_157' title='bbox 283 3029 348 3089; x_wconf 87' lang='lat' dir='ltr'>lilio</span> <span class='ocrx_word' id='word_1_158' title='bbox 370 3040 426 3089; x_wconf 92' lang='lat' dir='ltr'>tuo</span> <span class='ocrx_word' id='word_1_159' title='bbox 450 3029 545 3088; x_wconf 80' lang='lat' dir='ltr'>facile</span> <span class='ocrx_word' id='word_1_160' title='bbox 568 3030 766 3106; x_wconf 90' lang='lat' dir='ltr'>impetrabis.</span> <span class='ocrx_word' id='word_1_161' title='bbox 809 3031 843 3090; x_wconf 90' lang='lat' dir='ltr'>Si</span> 
     </span>
     <span class='ocr_line' id='line_1_28' title="bbox 85 3127 845 3203; baseline 0 -16"><span class='ocrx_word' id='word_1_162' title='bbox 85 3138 139 3202; x_wconf 92' lang='lat' dir='ltr'>tu,</span> <span class='ocrx_word' id='word_1_163' title='bbox 168 3144 187 3186; x_wconf 91' lang='lat' dir='ltr'>o</span> <span class='ocrx_word' id='word_1_164' title='bbox 215 3127 358 3203; x_wconf 90' lang='lat' dir='ltr'>gloriosa</span> <span class='ocrx_word' id='word_1_165' title='bbox 386 3127 534 3201; x_wconf 89' lang='lat' dir='ltr'>domina,</span> <span class='ocrx_word' id='word_1_166' title='bbox 564 3145 622 3203; x_wconf 93' lang='lat' dir='ltr'>pro</span> <span class='ocrx_word' id='word_1_167' title='bbox 652 3145 704 3187; x_wconf 92' lang='lat' dir='ltr'>me</span> <span class='ocrx_word' id='word_1_168' title='bbox 732 3127 845 3200; x_wconf 88' lang='lat' dir='ltr'>fueris,</span> 
     </span>
     <span class='ocr_line' id='line_1_29' title="bbox 86 3224 843 3301; baseline 0 -18"><span class='ocrx_word' id='word_1_169' title='bbox 86 3224 163 3301; x_wconf 92' lang='lat' dir='ltr'>quis</span> <span class='ocrx_word' id='word_1_170' title='bbox 194 3224 291 3284; x_wconf 86' lang='lat' dir='ltr'>stabit</span> <span class='ocrx_word' id='word_1_171' title='bbox 322 3235 434 3284; x_wconf 90' lang='lat' dir='ltr'>contra</span> <span class='ocrx_word' id='word_1_172' title='bbox 462 3225 544 3283; x_wconf 81' lang='lat' dir='ltr'>me?</span> <span class='ocrx_word' id='word_1_173' title='bbox 592 3225 629 3284; x_wconf 89' lang='lat' dir='ltr'>Et</span> <span class='ocrx_word' id='word_1_174' title='bbox 658 3225 685 3284; x_wconf 91' lang='lat' dir='ltr'>si</span> <span class='ocrx_word' id='word_1_175' title='bbox 715 3241 843 3284; x_wconf 89' lang='lat' dir='ltr'>mecum</span> 
     </span>
     <span class='ocr_line' id='line_1_30' title="bbox 85 3321 845 3399; baseline -0.003 -17"><span class='ocrx_word' id='word_1_176' title='bbox 85 3322 222 3399; x_wconf 88' lang='lat' dir='ltr'>gratiam</span> <span class='ocrx_word' id='word_1_177' title='bbox 246 3322 383 3397; x_wconf 79' lang='lat' dir='ltr'>feceriS,</span> <span class='ocrx_word' id='word_1_178' title='bbox 404 3321 479 3397; x_wconf 90' lang='lat' dir='ltr'>quis</span> <span class='ocrx_word' id='word_1_179' title='bbox 501 3331 568 3396; x_wconf 90' lang='lat' dir='ltr'>est,</span> <span class='ocrx_word' id='word_1_180' title='bbox 589 3321 643 3398; x_wconf 89' lang='lat' dir='ltr'>qui</span> <span class='ocrx_word' id='word_1_181' title='bbox 667 3339 719 3381; x_wconf 92' lang='lat' dir='ltr'>me</span> <span class='ocrx_word' id='word_1_182' title='bbox 742 3321 845 3397; x_wconf 90' lang='lat' dir='ltr'>repel-</span> 
     </span>
     <span class='ocr_line' id='line_1_31' title="bbox 87 3418 882 3496; baseline -0.003 -17"><span class='ocrx_word' id='word_1_183' title='bbox 87 3421 157 3479; x_wconf 91' lang='lat' dir='ltr'>lere</span> <span class='ocrx_word' id='word_1_184' title='bbox 173 3420 294 3496; x_wconf 79' lang='lat' dir='ltr'>queat?</span> <span class='ocrx_word' id='word_1_185' title='bbox 317 3420 470 3494; x_wconf 87' lang='lat' dir='ltr'>Expande</span> <span class='ocrx_word' id='word_1_186' title='bbox 485 3419 583 3494; x_wconf 91' lang='lat' dir='ltr'>igitur</span> <span class='ocrx_word' id='word_1_187' title='bbox 597 3436 683 3478; x_wconf 93' lang='lat' dir='ltr'>nunc</span> <span class='ocrx_word' id='word_1_188' title='bbox 695 3418 882 3478; x_wconf 84' lang='lat' dir='ltr'>bracchiaao</span> 
     </span>
    </p>
   </div>
   <div class='ocr_carea' id='block_1_3' title="bbox 88 3516 844 3662">
    <p class='ocr_par' dir='ltr' id='par_1_3' title="bbox 88 3516 844 3662">
     <span class='ocr_line' id='line_1_32' title="bbox 88 3516 844 3593; baseline -0.004 -16"><span class='ocrx_word' id='word_1_189' title='bbox 88 3527 144 3577; x_wconf 90' lang='lat' dir='ltr'>tua</span> <span class='ocrx_word' id='word_1_190' title='bbox 173 3534 272 3592; x_wconf 92' lang='lat' dir='ltr'>super</span> <span class='ocrx_word' id='word_1_191' title='bbox 301 3535 370 3591; x_wconf 91' lang='lat' dir='ltr'>me,</span> <span class='ocrx_word' id='word_1_192' title='bbox 399 3528 433 3576; x_wconf 91' lang='lat' dir='ltr'>ut</span> <span class='ocrx_word' id='word_1_193' title='bbox 456 3517 575 3593; x_wconf 81' lang='lat' dir='ltr'>fugiam</span> <span class='ocrx_word' id='word_1_194' title='bbox 599 3518 659 3576; x_wconf 92' lang='lat' dir='ltr'>sub</span> <span class='ocrx_word' id='word_1_195' title='bbox 682 3516 739 3576; x_wconf 76' lang='lat' dir='ltr'>eia.</span> <span class='ocrx_word' id='word_1_196' title='bbox 784 3516 844 3575; x_wconf 90' lang='lat' dir='ltr'>Dic</span> 
     </span>
     <span class='ocr_line' id='line_1_33' title="bbox 448 3621 489 3662; baseline 0 0"><span class='ocrx_word' id='word_1_197' title='bbox 448 3621 489 3662; x_wconf 83' lang='lat' dir='ltr'>aas</span> 
     </span>
    </p>
   </div>
   <div class='ocr_carea' id='block_1_4' title="bbox 0 0 1067 4168">
    <p class='ocr_par' dir='ltr' id='par_1_4' title="bbox 0 0 1067 4168">
     <span class='ocr_line' id='line_1_34' title="bbox 0 0 1067 4168; baseline 0 0"><span class='ocrx_word' id='word_1_198' title='bbox 0 0 1067 4168; x_wconf 95' lang='lat' dir='ltr'> </span> 
     </span>
    </p>
   </div>
  </div>
 </body>
</html>
