<?xml version="1.0" encoding="UTF-8"?>
<!DOCTYPE html PUBLIC "-//W3C//DTD XHTML 1.0 Transitional//EN"
    "http://www.w3.org/TR/xhtml1/DTD/xhtml1-transitional.dtd">
<html xmlns="http://www.w3.org/1999/xhtml" xml:lang="en" lang="en">
 <head>
  <title>
</title>
<meta http-equiv="Content-Type" content="text/html;charset=utf-8" />
  <meta name='ocr-system' content='tesseract 3.04.00' />
  <meta name='ocr-capabilities' content='ocr_page ocr_carea ocr_par ocr_line ocrx_word'/>
</head>
<body>
  <div class='ocr_page' id='page_1' title='image "./thomaehemerkena01pohlgoog_0248.png"; bbox 0 0 2128 4190; ppageno 0'>
   <div class='ocr_carea' id='block_1_1' title="bbox 802 274 810 310">
    <p class='ocr_par' dir='ltr' id='par_1_1' title="bbox 802 274 810 310">
     <span class='ocr_line' id='line_1_1' title="bbox 802 274 810 310; baseline 0 0"><span class='ocrx_word' id='word_1_1' title='bbox 802 274 810 310; x_wconf 79' lang='lat' dir='ltr'>l</span> 
     </span>
    </p>
   </div>
   <div class='ocr_carea' id='block_1_2' title="bbox 83 449 852 504">
    <p class='ocr_par' dir='ltr' id='par_1_2' title="bbox 83 449 852 504">
     <span class='ocr_line' id='line_1_2' title="bbox 83 449 852 504; baseline -0.005 0"><span class='ocrx_word' id='word_1_2' title='bbox 83 450 416 504; x_wconf 60' lang='lat' dir='ltr'>eranoaasaaasmas</span> <span class='ocrx_word' id='word_1_3' title='bbox 453 449 852 502; x_wconf 60' lang='lat' dir='ltr'>[arrasaaeaaeaa‘asa</span> 
     </span>
    </p>
   </div>
   <div class='ocr_carea' id='block_1_3' title="bbox 17 581 893 3496">
    <p class='ocr_par' dir='ltr' id='par_1_3' title="bbox 17 581 893 3496">
     <span class='ocr_line' id='line_1_3' title="bbox 85 581 852 662; baseline -0.007 -17"><span class='ocrx_word' id='word_1_4' title='bbox 85 586 126 645; x_wconf 95' lang='lat' dir='ltr'>id</span> <span class='ocrx_word' id='word_1_5' title='bbox 160 595 211 646; x_wconf 88' lang='lat' dir='ltr'>est</span> <span class='ocrx_word' id='word_1_6' title='bbox 246 602 305 662; x_wconf 92' lang='lat' dir='ltr'>pro</span> <span class='ocrx_word' id='word_1_7' title='bbox 337 582 489 645; x_wconf 91' lang='lat' dir='ltr'>omnibus</span> <span class='ocrx_word' id='word_1_8' title='bbox 520 581 634 642; x_wconf 89' lang='lat' dir='ltr'>electis</span> <span class='ocrx_word' id='word_1_9' title='bbox 665 581 852 642; x_wconf 90' lang='lat' dir='ltr'>immolatus</span> 
     </span>
     <span class='ocr_line' id='line_1_4' title="bbox 86 679 852 758; baseline -0.004 -16"><span class='ocrx_word' id='word_1_10' title='bbox 86 691 155 742; x_wconf 86' lang='lat' dir='ltr'>est.</span> <span class='ocrx_word' id='word_1_11' title='bbox 187 683 236 742; x_wconf 86' lang='lat' dir='ltr'>De</span> <span class='ocrx_word' id='word_1_12' title='bbox 258 699 323 758; x_wconf 94' lang='lat' dir='ltr'>quo</span> <span class='ocrx_word' id='word_1_13' title='bbox 345 683 460 742; x_wconf 89' lang='lat' dir='ltr'>beatus</span> <span class='ocrx_word' id='word_1_14' title='bbox 476 681 593 741; x_wconf 88' lang='lat' dir='ltr'>Petrus</span> <span class='ocrx_word' id='word_1_15' title='bbox 610 679 735 742; x_wconf 85' lang='lat' dir='ltr'>Christi</span> <span class='ocrx_word' id='word_1_16' title='bbox 752 679 852 739; x_wconf 86' lang='lat' dir='ltr'>fideli·</span> 
     </span>
     <span class='ocr_line' id='line_1_5' title="bbox 86 778 852 857; baseline -0.008 -16"><span class='ocrx_word' id='word_1_17' title='bbox 86 782 158 841; x_wconf 92' lang='lat' dir='ltr'>bus</span> <span class='ocrx_word' id='word_1_18' title='bbox 181 780 347 840; x_wconf 88' lang='lat' dir='ltr'>scribens:</span> <span class='ocrx_word' id='word_1_19' title='bbox 375 781 414 840; x_wconf 90' lang='lat' dir='ltr'>ad</span> <span class='ocrx_word' id='word_1_20' title='bbox 443 779 672 857; x_wconf 87' lang='lat' dir='ltr'><strong>gratitudinem</strong></span> <span class='ocrx_word' id='word_1_21' title='bbox 700 793 757 837; x_wconf 90' lang='lat' dir='ltr'>eos</span> <span class='ocrx_word' id='word_1_22' title='bbox 779 778 852 836; x_wconf 91' lang='lat' dir='ltr'>hor·</span> 
     </span>
     <span class='ocr_line' id='line_1_6' title="bbox 86 874 852 951; baseline -0.008 -12"><span class='ocrx_word' id='word_1_23' title='bbox 86 888 183 940; x_wconf 89' lang='lat' dir='ltr'>tatur</span> <span class='ocrx_word' id='word_1_24' title='bbox 204 878 326 938; x_wconf 88' lang='lat' dir='ltr'>dicens.</span> <span class='ocrx_word' id='word_1_25' title='bbox 370 877 444 937; x_wconf 94' lang='lat' dir='ltr'>Non</span> <span class='ocrx_word' id='word_1_26' title='bbox 470 877 557 938; x_wconf 90' lang='lat' dir='ltr'>enim</span> <span class='ocrx_word' id='word_1_27' title='bbox 587 874 852 951; x_wconf 88' lang='lat' dir='ltr'>corruptibilibus</span> 
     </span>
     <span class='ocr_line' id='line_1_7' title="bbox 87 973 875 1053; baseline -0.008 -16"><span class='ocrx_word' id='word_1_28' title='bbox 87 986 231 1053; x_wconf 87' lang='lat' dir='ltr'>argento</span> <span class='ocrx_word' id='word_1_29' title='bbox 253 976 305 1036; x_wconf 89' lang='lat' dir='ltr'>vel</span> <span class='ocrx_word' id='word_1_30' title='bbox 328 991 406 1035; x_wconf 91' lang='lat' dir='ltr'>auro</span> <span class='ocrx_word' id='word_1_31' title='bbox 430 974 587 1050; x_wconf 85' lang='lat' dir='ltr'>redempti</span> <span class='ocrx_word' id='word_1_32' title='bbox 607 974 686 1034; x_wconf 89' lang='lat' dir='ltr'>estis</span> <span class='ocrx_word' id='word_1_33' title='bbox 709 973 749 1033; x_wconf 89' lang='lat' dir='ltr'>de</span> <span class='ocrx_word' id='word_1_34' title='bbox 770 990 875 1033; x_wconf 82' lang='lat' dir='ltr'>vanas</span> 
     </span>
     <span class='ocr_line' id='line_1_8' title="bbox 87 1071 852 1149; baseline -0.005 -15"><span class='ocrx_word' id='word_1_35' title='bbox 87 1083 207 1134; x_wconf 89' lang='lat' dir='ltr'>vestra</span> <span class='ocrx_word' id='word_1_36' title='bbox 221 1073 471 1134; x_wconf 88' lang='lat' dir='ltr'>conversatione</span> <span class='ocrx_word' id='word_1_37' title='bbox 486 1083 641 1149; x_wconf 85' lang='lat' dir='ltr'>paternae</span> <span class='ocrx_word' id='word_1_38' title='bbox 655 1071 852 1133; x_wconf 80' lang='lat' dir='ltr'>traditionis:</span> 
     </span>
     <span class='ocr_line' id='line_1_9' title="bbox 88 1168 853 1248; baseline -0.007 -16"><span class='ocrx_word' id='word_1_39' title='bbox 88 1173 157 1232; x_wconf 87' lang='lat' dir='ltr'>sed</span> <span class='ocrx_word' id='word_1_40' title='bbox 168 1171 311 1247; x_wconf 90' lang='lat' dir='ltr'>pretioso</span> <span class='ocrx_word' id='word_1_41' title='bbox 322 1171 481 1248; x_wconf 87' lang='lat' dir='ltr'>sanguine</span> <span class='ocrx_word' id='word_1_42' title='bbox 497 1171 588 1248; x_wconf 85' lang='lat' dir='ltr'>quasi</span> <span class='ocrx_word' id='word_1_43' title='bbox 601 1169 684 1246; x_wconf 81' lang='lat' dir='ltr'>Agni</span> <span class='ocrx_word' id='word_1_44' title='bbox 699 1168 853 1229; x_wconf 91' lang='lat' dir='ltr'>immacu·</span> 
     </span>
     <span class='ocr_line' id='line_1_10' title="bbox 89 1267 854 1345; baseline -0.009 -13"><span class='ocrx_word' id='word_1_45' title='bbox 89 1271 152 1332; x_wconf 89' lang='lat' dir='ltr'>lati</span> <span class='ocrx_word' id='word_1_46' title='bbox 171 1271 244 1330; x_wconf 89' lang='lat' dir='ltr'>lesu</span> <span class='ocrx_word' id='word_1_47' title='bbox 261 1268 397 1331; x_wconf 89' lang='lat' dir='ltr'>Christi.</span> <span class='ocrx_word' id='word_1_48' title='bbox 434 1268 545 1329; x_wconf 90' lang='lat' dir='ltr'>Voluit</span> <span class='ocrx_word' id='word_1_49' title='bbox 563 1285 640 1345; x_wconf 88' lang='lat' dir='ltr'>ergo</span> <span class='ocrx_word' id='word_1_50' title='bbox 656 1267 854 1342; x_wconf 89' lang='lat' dir='ltr'>Redemptor</span> 
     </span>
     <span class='ocr_line' id='line_1_11' title="bbox 91 1365 853 1440; baseline -0.009 -10"><span class='ocrx_word' id='word_1_51' title='bbox 91 1379 213 1430; x_wconf 90' lang='lat' dir='ltr'>noster</span> <span class='ocrx_word' id='word_1_52' title='bbox 228 1367 389 1429; x_wconf 89' lang='lat' dir='ltr'>Dominus</span> <span class='ocrx_word' id='word_1_53' title='bbox 402 1367 495 1428; x_wconf 89' lang='lat' dir='ltr'>lesus</span> <span class='ocrx_word' id='word_1_54' title='bbox 507 1367 662 1429; x_wconf 91' lang='lat' dir='ltr'>Christus</span> <span class='ocrx_word' id='word_1_55' title='bbox 677 1376 742 1425; x_wconf 94' lang='lat' dir='ltr'>tam</span> <span class='ocrx_word' id='word_1_56' title='bbox 758 1365 853 1440; x_wconf 85' lang='lat' dir='ltr'>longo</span> 
     </span>
     <span class='ocr_line' id='line_1_12' title="bbox 91 1461 889 1543; baseline -0.009 -16"><span class='ocrx_word' id='word_1_57' title='bbox 91 1478 247 1543; x_wconf 88' lang='lat' dir='ltr'>tempore</span> <span class='ocrx_word' id='word_1_58' title='bbox 275 1476 339 1525; x_wconf 89' lang='lat' dir='ltr'>tam</span> <span class='ocrx_word' id='word_1_59' title='bbox 362 1466 480 1526; x_wconf 89' lang='lat' dir='ltr'>multas</span> <span class='ocrx_word' id='word_1_60' title='bbox 503 1464 716 1542; x_wconf 84' lang='lat' dir='ltr'>poenalitates</span> <span class='ocrx_word' id='word_1_61' title='bbox 737 1461 771 1521; x_wconf 89' lang='lat' dir='ltr'>in</span> <span class='ocrx_word' id='word_1_62' title='bbox 794 1479 853 1521; x_wconf 93' lang='lat' dir='ltr'>suo</span> <span class='ocrx_word' id='word_1_63' title='bbox 866 1481 889 1521; x_wconf 83' lang='grc' dir='ltr'>ιο</span> 
     </span>
     <span class='ocr_line' id='line_1_13' title="bbox 93 1560 854 1640; baseline -0.009 -15"><span class='ocrx_word' id='word_1_64' title='bbox 93 1564 308 1625; x_wconf 88' lang='lat' dir='ltr'>sanctissimo</span> <span class='ocrx_word' id='word_1_65' title='bbox 324 1579 460 1640; x_wconf 90' lang='lat' dir='ltr'>corpore</span> <span class='ocrx_word' id='word_1_66' title='bbox 480 1562 661 1623; x_wconf 90' lang='lat' dir='ltr'>sustinere:</span> <span class='ocrx_word' id='word_1_67' title='bbox 683 1560 722 1620; x_wconf 93' lang='lat' dir='ltr'>ad</span> <span class='ocrx_word' id='word_1_68' title='bbox 745 1560 854 1620; x_wconf 91' lang='lat' dir='ltr'>delen·</span> 
     </span>
     <span class='ocr_line' id='line_1_14' title="bbox 93 1657 854 1739; baseline -0.009 -16"><span class='ocrx_word' id='word_1_69' title='bbox 93 1657 854 1739; x_wconf 85' lang='lat' dir='ltr'>dumchirographumdamnationisnostrae3ad</span> 
     </span>
     <span class='ocr_line' id='line_1_15' title="bbox 92 1754 854 1830; baseline -0.01 -9"><span class='ocrx_word' id='word_1_70' title='bbox 92 1754 854 1830; x_wconf 86' lang='lat' dir='ltr'>excitandumnosadfervoremstrictaepaeni·</span> 
     </span>
     <span class='ocr_line' id='line_1_16' title="bbox 93 1854 854 1930; baseline -0.009 -12"><span class='ocrx_word' id='word_1_71' title='bbox 93 1857 239 1919; x_wconf 91' lang='lat' dir='ltr'>tentiae:</span> <span class='ocrx_word' id='word_1_72' title='bbox 270 1856 309 1916; x_wconf 93' lang='lat' dir='ltr'>ad</span> <span class='ocrx_word' id='word_1_73' title='bbox 340 1855 481 1916; x_wconf 91' lang='lat' dir='ltr'>dandum</span> <span class='ocrx_word' id='word_1_74' title='bbox 510 1854 696 1930; x_wconf 89' lang='lat' dir='ltr'>exemplum</span> <span class='ocrx_word' id='word_1_75' title='bbox 719 1869 854 1929; x_wconf 85' lang='lat' dir='ltr'>magnae</span> 
     </span>
     <span class='ocr_line' id='line_1_17' title="bbox 96 1951 890 2032; baseline -0.004 -17"><span class='ocrx_word' id='word_1_76' title='bbox 96 1954 275 2032; x_wconf 89' lang='lat' dir='ltr'>patientiae</span> <span class='ocrx_word' id='word_1_77' title='bbox 301 1953 428 2014; x_wconf 91' lang='lat' dir='ltr'>cunctis</span> <span class='ocrx_word' id='word_1_78' title='bbox 457 1953 572 2013; x_wconf 89' lang='lat' dir='ltr'>diebus</span> <span class='ocrx_word' id='word_1_79' title='bbox 600 1951 685 2012; x_wconf 90' lang='lat' dir='ltr'>vitae</span> <span class='ocrx_word' id='word_1_80' title='bbox 714 1960 890 2012; x_wconf 66' lang='lat' dir='ltr'>nostraene</span> 
     </span>
     <span class='ocr_line' id='line_1_18' title="bbox 98 2048 855 2129; baseline -0.005 -17"><span class='ocrx_word' id='word_1_81' title='bbox 98 2053 226 2113; x_wconf 85' lang='lat' dir='ltr'>Etvere</span> <span class='ocrx_word' id='word_1_82' title='bbox 237 2050 390 2129; x_wconf 89' lang='lat' dir='ltr'>patientia</span> <span class='ocrx_word' id='word_1_83' title='bbox 401 2049 553 2110; x_wconf 90' lang='lat' dir='ltr'>estnobis</span> <span class='ocrx_word' id='word_1_84' title='bbox 564 2048 716 2109; x_wconf 93' lang='lat' dir='ltr'>omnibus</span> <span class='ocrx_word' id='word_1_85' title='bbox 727 2065 855 2109; x_wconf 91' lang='lat' dir='ltr'>summe</span> 
     </span>
     <span class='ocr_line' id='line_1_19' title="bbox 100 2146 855 2225; baseline -0.005 -16"><span class='ocrx_word' id='word_1_86' title='bbox 100 2149 299 2225; x_wconf 84' lang='lat' dir='ltr'>necessaria,</span> <span class='ocrx_word' id='word_1_87' title='bbox 322 2149 475 2225; x_wconf 90' lang='lat' dir='ltr'>quamdiu</span> <span class='ocrx_word' id='word_1_88' title='bbox 491 2147 641 2223; x_wconf 86' lang='lat' dir='ltr'>degimus</span> <span class='ocrx_word' id='word_1_89' title='bbox 660 2147 692 2206; x_wconf 95' lang='lat' dir='ltr'>in</span> <span class='ocrx_word' id='word_1_90' title='bbox 716 2148 776 2206; x_wconf 90' lang='lat' dir='ltr'>hac</span> <span class='ocrx_word' id='word_1_91' title='bbox 797 2146 855 2206; x_wconf 90' lang='lat' dir='ltr'>mi-</span> 
     </span>
     <span class='ocr_line' id='line_1_20' title="bbox 100 2245 855 2323; baseline -0.001 -17"><span class='ocrx_word' id='word_1_92' title='bbox 100 2263 178 2307; x_wconf 89' lang='lat' dir='ltr'>sera</span> <span class='ocrx_word' id='word_1_93' title='bbox 192 2245 256 2306; x_wconf 87' lang='lat' dir='ltr'>vita</span> <span class='ocrx_word' id='word_1_94' title='bbox 268 2246 534 2323; x_wconf 88' lang='lat' dir='ltr'>temptationibus</span> <span class='ocrx_word' id='word_1_95' title='bbox 545 2246 658 2322; x_wconf 83' lang='lat' dir='ltr'>plena3</span> <span class='ocrx_word' id='word_1_96' title='bbox 672 2246 748 2322; x_wconf 90' lang='lat' dir='ltr'>quia</span> <span class='ocrx_word' id='word_1_97' title='bbox 758 2262 855 2305; x_wconf 94' lang='lat' dir='ltr'>nemo</span> 
     </span>
     <span class='ocr_line' id='line_1_21' title="bbox 99 2343 856 2421; baseline -0.005 -17"><span class='ocrx_word' id='word_1_98' title='bbox 99 2361 251 2419; x_wconf 90' lang='lat' dir='ltr'>securus,</span> <span class='ocrx_word' id='word_1_99' title='bbox 273 2361 334 2404; x_wconf 89' lang='lat' dir='ltr'>nec</span> <span class='ocrx_word' id='word_1_100' title='bbox 357 2362 421 2404; x_wconf 89' lang='lat' dir='ltr'>una</span> <span class='ocrx_word' id='word_1_101' title='bbox 442 2343 573 2421; x_wconf 93' lang='lat' dir='ltr'>quidem</span> <span class='ocrx_word' id='word_1_102' title='bbox 594 2343 646 2402; x_wconf 90' lang='lat' dir='ltr'>die</span> <span class='ocrx_word' id='word_1_103' title='bbox 668 2351 723 2401; x_wconf 91' lang='lat' dir='ltr'>aut</span> <span class='ocrx_word' id='word_1_104' title='bbox 744 2343 856 2401; x_wconf 92' lang='lat' dir='ltr'>horaa</span> 
     </span>
     <span class='ocr_line' id='line_1_22' title="bbox 99 2439 892 2518; baseline -0.003 -17"><span class='ocrx_word' id='word_1_105' title='bbox 99 2441 230 2518; x_wconf 89' lang='lat' dir='ltr'>laqueis</span> <span class='ocrx_word' id='word_1_106' title='bbox 252 2441 370 2503; x_wconf 88' lang='lat' dir='ltr'>diaboli</span> <span class='ocrx_word' id='word_1_107' title='bbox 394 2453 425 2502; x_wconf 93' lang='lat' dir='ltr'>et</span> <span class='ocrx_word' id='word_1_108' title='bbox 447 2442 541 2502; x_wconf 89' lang='lat' dir='ltr'>ruina</span> <span class='ocrx_word' id='word_1_109' title='bbox 562 2440 696 2516; x_wconf 86' lang='lat' dir='ltr'>peccati,</span> <span class='ocrx_word' id='word_1_110' title='bbox 722 2439 755 2499; x_wconf 90' lang='lat' dir='ltr'>in</span> <span class='ocrx_word' id='word_1_111' title='bbox 778 2457 892 2516; x_wconf 82' lang='lat' dir='ltr'>quo-ao</span> 
     </span>
     <span class='ocr_line' id='line_1_23' title="bbox 17 2536 856 2615; baseline -0.005 -15"><span class='ocrx_word' id='word_1_112' title='bbox 17 2540 31 2564; x_wconf 55' lang='lat'><em>⁸</em></span> <span class='ocrx_word' id='word_1_113' title='bbox 99 2556 244 2615; x_wconf 91' lang='lat' dir='ltr'>cumque</span> <span class='ocrx_word' id='word_1_114' title='bbox 266 2540 337 2599; x_wconf 93' lang='lat' dir='ltr'>loco</span> <span class='ocrx_word' id='word_1_115' title='bbox 354 2539 451 2599; x_wconf 90' lang='lat' dir='ltr'>luerit</span> <span class='ocrx_word' id='word_1_116' title='bbox 473 2547 527 2598; x_wconf 92' lang='lat' dir='ltr'>aut</span> <span class='ocrx_word' id='word_1_117' title='bbox 542 2538 656 2598; x_wconf 92' lang='lat' dir='ltr'>ordine</span> <span class='ocrx_word' id='word_1_118' title='bbox 678 2548 732 2597; x_wconf 90' lang='lat' dir='ltr'>aut</span> <span class='ocrx_word' id='word_1_119' title='bbox 747 2536 856 2597; x_wconf 89' lang='lat' dir='ltr'>ollicio</span> 
     </span>
     <span class='ocr_line' id='line_1_24' title="bbox 100 2635 857 2713; baseline -0.005 -15"><span class='ocrx_word' id='word_1_120' title='bbox 100 2637 316 2698; x_wconf 88' lang='lat' dir='ltr'>constitutus:</span> <span class='ocrx_word' id='word_1_121' title='bbox 347 2637 410 2697; x_wconf 93' lang='lat' dir='ltr'>nisi</span> <span class='ocrx_word' id='word_1_122' title='bbox 441 2636 543 2713; x_wconf 88' lang='lat' dir='ltr'>gratia</span> <span class='ocrx_word' id='word_1_123' title='bbox 573 2646 605 2696; x_wconf 96' lang='lat' dir='ltr'>et</span> <span class='ocrx_word' id='word_1_124' title='bbox 633 2635 857 2695; x_wconf 92' lang='lat' dir='ltr'>misericordia</span> 
     </span>
     <span class='ocr_line' id='line_1_25' title="bbox 100 2733 857 2809; baseline -0.007 -13"><span class='ocrx_word' id='word_1_125' title='bbox 100 2735 164 2796; x_wconf 89' lang='lat' dir='ltr'>Dei</span> <span class='ocrx_word' id='word_1_126' title='bbox 189 2735 287 2795; x_wconf 89' lang='lat' dir='ltr'>luerit</span> <span class='ocrx_word' id='word_1_127' title='bbox 309 2735 397 2795; x_wconf 93' lang='lat' dir='ltr'>omni</span> <span class='ocrx_word' id='word_1_128' title='bbox 421 2736 501 2794; x_wconf 93' lang='lat' dir='ltr'>hora</span> <span class='ocrx_word' id='word_1_129' title='bbox 523 2733 665 2808; x_wconf 88' lang='lat' dir='ltr'>desuper</span> <span class='ocrx_word' id='word_1_130' title='bbox 687 2742 857 2809; x_wconf 89' lang='lat' dir='ltr'>respectus</span> 
     </span>
     <span class='ocr_line' id='line_1_26' title="bbox 99 2831 858 2894; baseline -0.008 0"><span class='ocrx_word' id='word_1_131' title='bbox 99 2844 134 2894; x_wconf 92' lang='lat' dir='ltr'>et</span> <span class='ocrx_word' id='word_1_132' title='bbox 165 2833 322 2893; x_wconf 91' lang='lat' dir='ltr'>munitus.</span> <span class='ocrx_word' id='word_1_133' title='bbox 375 2833 439 2894; x_wconf 91' lang='lat' dir='ltr'>Sed</span> <span class='ocrx_word' id='word_1_134' title='bbox 475 2832 560 2893; x_wconf 91' lang='lat' dir='ltr'>inter</span> <span class='ocrx_word' id='word_1_135' title='bbox 595 2832 675 2891; x_wconf 89' lang='lat' dir='ltr'>haec</span> <span class='ocrx_word' id='word_1_136' title='bbox 711 2831 795 2889; x_wconf 90' lang='lat' dir='ltr'>mala</span> <span class='ocrx_word' id='word_1_137' title='bbox 826 2839 858 2889; x_wconf 91' lang='lat' dir='ltr'>et</span> 
     </span>
     <span class='ocr_line' id='line_1_27' title="bbox 98 2928 893 3013; baseline 0.001 -23"><span class='ocrx_word' id='word_1_138' title='bbox 98 2930 247 3013; x_wconf 78' lang='lat' dir='ltr'>pericula</span> <span class='ocrx_word' id='word_1_139' title='bbox 270 2930 524 3008; x_wconf 84' lang='lat' dir='ltr'>confugiendum</span> <span class='ocrx_word' id='word_1_140' title='bbox 547 2939 597 2990; x_wconf 88' lang='lat' dir='ltr'>est</span> <span class='ocrx_word' id='word_1_141' title='bbox 621 2928 796 3005; x_wconf 88' lang='lat' dir='ltr'>praecipue</span> <span class='ocrx_word' id='word_1_142' title='bbox 817 2928 856 2988; x_wconf 87' lang='lat' dir='ltr'>ad</span> <span class='ocrx_word' id='word_1_143' title='bbox 866 2949 893 2991; x_wconf 88' lang='lat'>25</span> 
     </span>
     <span class='ocr_line' id='line_1_28' title="bbox 99 3026 857 3105; baseline -0.001 -18"><span class='ocrx_word' id='word_1_144' title='bbox 99 3027 290 3105; x_wconf 88' lang='lat' dir='ltr'>passionem</span> <span class='ocrx_word' id='word_1_145' title='bbox 323 3028 548 3102; x_wconf 89' lang='lat' dir='ltr'>Dominicam,</span> <span class='ocrx_word' id='word_1_146' title='bbox 584 3036 615 3087; x_wconf 87' lang='lat' dir='ltr'>et</span> <span class='ocrx_word' id='word_1_147' title='bbox 650 3026 711 3086; x_wconf 93' lang='lat' dir='ltr'>sub</span> <span class='ocrx_word' id='word_1_148' title='bbox 742 3027 857 3086; x_wconf 90' lang='lat' dir='ltr'>arbore</span> 
     </span>
     <span class='ocr_line' id='line_1_29' title="bbox 99 3124 857 3202; baseline -0.003 -16"><span class='ocrx_word' id='word_1_149' title='bbox 99 3125 209 3187; x_wconf 89' lang='lat' dir='ltr'>crucis</span> <span class='ocrx_word' id='word_1_150' title='bbox 232 3135 395 3202; x_wconf 87' lang='lat' dir='ltr'>tamquam</span> <span class='ocrx_word' id='word_1_151' title='bbox 420 3127 481 3186; x_wconf 93' lang='lat' dir='ltr'>sub</span> <span class='ocrx_word' id='word_1_152' title='bbox 510 3125 699 3202; x_wconf 88' lang='lat' dir='ltr'>umbraculo</span> <span class='ocrx_word' id='word_1_153' title='bbox 728 3124 857 3185; x_wconf 88' lang='lat' dir='ltr'>divinae</span> 
     </span>
     <span class='ocr_line' id='line_1_30' title="bbox 99 3223 856 3301; baseline -0.001 -18"><span class='ocrx_word' id='word_1_154' title='bbox 99 3223 314 3301; x_wconf 89' lang='lat' dir='ltr'>protectionis</span> <span class='ocrx_word' id='word_1_155' title='bbox 350 3224 539 3285; x_wconf 89' lang='lat' dir='ltr'>latitandum</span> <span class='ocrx_word' id='word_1_156' title='bbox 576 3233 608 3283; x_wconf 91' lang='lat' dir='ltr'>et</span> <span class='ocrx_word' id='word_1_157' title='bbox 638 3224 856 3299; x_wconf 91' lang='lat' dir='ltr'>pausandum:</span> 
     </span>
     <span class='ocr_line' id='line_1_31' title="bbox 98 3321 857 3398; baseline -0.004 -15"><span class='ocrx_word' id='word_1_158' title='bbox 98 3331 198 3398; x_wconf 89' lang='lat' dir='ltr'>atque</span> <span class='ocrx_word' id='word_1_159' title='bbox 216 3321 256 3381; x_wconf 93' lang='lat' dir='ltr'>de</span> <span class='ocrx_word' id='word_1_160' title='bbox 272 3321 426 3397; x_wconf 90' lang='lat' dir='ltr'>patientia</span> <span class='ocrx_word' id='word_1_161' title='bbox 442 3322 566 3384; x_wconf 91' lang='lat' dir='ltr'>Christi</span> <span class='ocrx_word' id='word_1_162' title='bbox 584 3321 696 3382; x_wconf 91' lang='lat' dir='ltr'>intime</span> <span class='ocrx_word' id='word_1_163' title='bbox 713 3330 744 3381; x_wconf 89' lang='lat' dir='ltr'>et</span> <span class='ocrx_word' id='word_1_164' title='bbox 759 3338 857 3398; x_wconf 87' lang='lat' dir='ltr'>saepe</span> 
     </span>
     <span class='ocr_line' id='line_1_32' title="bbox 98 3418 893 3496; baseline 0 -16"><span class='ocrx_word' id='word_1_165' title='bbox 98 3418 341 3495; x_wconf 85' lang='lat' dir='ltr'>meditandum3</span> <span class='ocrx_word' id='word_1_166' title='bbox 372 3420 448 3496; x_wconf 90' lang='lat' dir='ltr'>quia</span> <span class='ocrx_word' id='word_1_167' title='bbox 476 3420 547 3496; x_wconf 89' lang='lat' dir='ltr'>ipsa</span> <span class='ocrx_word' id='word_1_168' title='bbox 576 3421 672 3480; x_wconf 90' lang='lat' dir='ltr'>habet</span> <span class='ocrx_word' id='word_1_169' title='bbox 703 3419 893 3480; x_wconf 82' lang='lat' dir='ltr'>virtutemao</span> 
     </span>
    </p>
   </div>
   <div class='ocr_carea' id='block_1_4' title="bbox 96 3516 856 3663">
    <p class='ocr_par' dir='ltr' id='par_1_4' title="bbox 96 3516 856 3663">
     <span class='ocr_line' id='line_1_33' title="bbox 96 3516 856 3595; baseline -0.005 -16"><span class='ocrx_word' id='word_1_170' title='bbox 96 3516 340 3595; x_wconf 88' lang='lat' dir='ltr'>sapidissimam</span> <span class='ocrx_word' id='word_1_171' title='bbox 357 3517 545 3578; x_wconf 91' lang='lat' dir='ltr'>dulcorandi</span> <span class='ocrx_word' id='word_1_172' title='bbox 562 3527 594 3577; x_wconf 93' lang='lat' dir='ltr'>et</span> <span class='ocrx_word' id='word_1_173' title='bbox 606 3516 772 3593; x_wconf 84' lang='lat' dir='ltr'>mitigandi</span> <span class='ocrx_word' id='word_1_174' title='bbox 789 3532 856 3575; x_wconf 93' lang='lat' dir='ltr'>om-</span> 
     </span>
     <span class='ocr_line' id='line_1_34' title="bbox 458 3623 495 3663; baseline -0.027 0"><span class='ocrx_word' id='word_1_175' title='bbox 458 3623 495 3663; x_wconf 81' lang='lat' dir='ltr'>aar</span> 
     </span>
    </p>
   </div>
   <div class='ocr_carea' id='block_1_5' title="bbox 0 0 1075 4190">
    <p class='ocr_par' dir='ltr' id='par_1_5' title="bbox 0 0 1075 4190">
     <span class='ocr_line' id='line_1_35' title="bbox 0 0 1075 4190; baseline 0 0"><span class='ocrx_word' id='word_1_176' title='bbox 0 0 1075 4190; x_wconf 95' lang='lat' dir='ltr'> </span> 
     </span>
    </p>
   </div>
  </div>
 </body>
</html>
