2118 4186
118 553 319 627 Recordare,
344 553 428 612 alme
452 552 564 627 Pater,
586 551 833 612 inaestimabilis
865 538 871 548 ’

74 650 220 710 caritatis
242 650 331 726 eiuS,
360 650 523 726 quomodo
552 649 586 709 in
611 659 748 712 mortem
772 659 833 710 tra·

74 747 157 807 didit
178 747 319 807 animam
342 765 445 823 suam,
475 757 509 808 ut
531 747 711 808 vivificaret
732 764 833 823 popu-

75 846 146 904 lum
169 861 277 920 suum,
298 844 354 921 qui
377 844 410 904 in
433 845 522 905 nullo
538 845 599 905 sibi
622 845 776 921 pepercit,
799 854 834 905 ut

74 942 144 1002 reis
167 951 199 1001 et
220 942 380 1002 damnatis
410 941 443 1001 in
473 952 641 1003 aeternum
671 959 855 1019 parceress

73 1039 245 1099 Memento
288 1039 512 1100 amarissimae
552 1040 715 1117 passionis
752 1041 834 1114 eiua

72 1155 173 1214 quam
193 1137 303 1215 gravia
318 1148 350 1197 et
364 1137 496 1215 indigna
511 1139 672 1215 suscepit:
695 1138 834 1215 qualiter

72 1237 114 1295 ab
139 1237 219 1295 hora
240 1235 397 1296 matutina
418 1253 523 1312 usque
543 1237 581 1296 ad
598 1236 720 1296 exitum
736 1251 832 1295 suurn

71 1332 107 1392 in
140 1349 237 1393 cruce
266 1351 324 1409 pro
353 1335 496 1393 humano
527 1351 648 1411 genere
676 1333 833 1393 laboravit

72 1431 221 1490 clamans
243 1431 412 1508 sanguinis
435 1432 485 1491 sui
511 1431 674 1492 effusione
702 1449 760 1507 pro
783 1448 868 1492 re-to

72 1526 290 1588 conciliandis
311 1529 367 1588 tibi
391 1529 632 1604 peccatoribus:
655 1540 689 1589 ut
708 1529 831 1589 amicos

73 1627 116 1686 de
139 1624 282 1685 inimicis
307 1626 429 1687 faceret
457 1635 489 1686 et
517 1627 557 1686 de
586 1627 656 1686 suis
685 1626 831 1704 profugis

72 1723 260 1799 adoptionis
277 1723 370 1784 filios,
407 1722 436 1785 Ο
453 1740 581 1783 summe
599 1734 630 1784 et
646 1723 831 1784 venerande

73 1832 105 1882 et
131 1822 267 1881 colende
291 1822 400 1898 Pater,
422 1822 519 1882 hodie
542 1822 597 1881 tibi
621 1832 830 1898 repraesento

73 1920 187 1980 omnia
208 1920 300 1997 signa
321 1919 484 1995 passionis
500 1920 587 1992 unici
611 1919 667 1979 lilii
687 1920 733 1979 tui
756 1936 830 1979 cum
843 1942 867 1982 15

73 2029 188 2078 nostra
210 2017 446 2094 supplicatione
468 2027 564 2094 atque
587 2017 741 2094 suffragio
764 2034 831 2076 om-

72 2115 167 2175 nium
190 2115 357 2175 beatorum
385 2125 581 2192 martyrum,
610 2115 664 2192 qui
695 2116 831 2175 eandem

73 2214 264 2291 passionem
281 2213 457 2289 specialius
472 2214 586 2274 imitati
603 2223 688 2273 sunt.
710 2213 831 2289 Aspice

72 2323 105 2372 et
129 2328 304 2389 cognosce,
327 2312 421 2372 cuius
444 2322 520 2373 sunt
542 2312 634 2388 signa
649 2313 729 2372 haec
747 2328 832 2371 ama-

71 2409 153 2468 bilia
174 2409 336 2468 adoranda
364 2425 422 2484 per
451 2409 591 2468 saecula.
635 2408 718 2469 Ecce
742 2427 868 2484 crux‚20

71 2506 170 2581 clavi,
193 2506 315 2580 lancea,
338 2505 391 2580 iel,
407 2506 541 2580 arundo,
564 2506 709 2583 spongia,
728 2516 832 2581 sputa,

74 2605 219 2681 flagella,
249 2620 368 2663 corona
390 2603 520 2678 spinea,
549 2604 665 2679 sudor,
690 2603 833 2680 sanguiS,

72 2703 178 2777 alapa,
193 2701 292 2778 virga,
315 2701 423 2776 restis,
445 2702 606 2777 columna,
628 2702 699 2761 alba
721 2701 833 2774 vestis,

72 2817 220 2877 purpura
241 2809 272 2860 et
294 2799 501 2860 inconsutilis
524 2799 642 2859 tunica.
673 2798 737 2858 lsta
757 2808 833 2856 sunt

72 2897 219 2974 pretiosa
233 2906 423 2957 ornamenta
438 2905 470 2957 et
485 2897 605 2974 regalia
619 2896 747 2971 vexilla,
763 2895 831 2971 qui·
841 2916 868 2958 25

73 2995 137 3054 bus
160 2995 199 3054 ad
215 2994 423 3054 debellandas
439 3011 551 3054 aereas
567 3003 744 3070 potestates
760 3010 831 3069 pro-

73 3092 177 3152 cessit
206 3092 393 3170 unigenitus
416 3101 491 3152 tuus
513 3092 547 3151 in
571 3101 701 3152 nostrae
724 3091 831 3150 carnis

73 3190 266 3250 substantia.
297 3191 361 3251 Ista
376 3199 452 3250 sunt
467 3207 556 3249 arma
570 3190 695 3264 bellica,
713 3188 831 3265 quibus

75 3305 166 3348 mors
188 3287 316 3348 devicta
330 3296 390 3362 est,
412 3296 444 3347 et
464 3289 606 3346 humana
625 3297 738 3348 natura
761 3288 831 3347 red-

75 3396 194 3461 empta.
247 3386 310 3446 Per
346 3386 426 3445 haec
463 3385 560 3463 igitur
594 3384 764 3445 benedicta
800 3395 867 3444 etao

74 3482 218 3559 gloriosa
236 3482 403 3559 passionis
425 3482 575 3559 insignia,
604 3482 728 3542 dimitte
751 3482 829 3541 mihi

435 3589 475 3628 aas
