2114 4168
65 480 394 533 &ffifflffiffi
441 484 465 524 ¹⁴
509 483 829 537 ffiffiffiffiw

68 613 168 673 lestia
182 614 370 675 sublevasti.
392 615 441 676 Tu
457 628 568 677 contra
578 617 686 678 varios
701 618 828 679 animae

67 713 247 788 languores
282 713 434 774 salutaria
466 714 641 776 adhibuisti
672 715 827 776 virtutum

67 809 219 869 remedia
240 819 336 887 atque
358 813 525 888 perpetuis
546 813 685 890 paradisi
703 815 829 890 gaudiis

66 907 171 966 corda
192 908 407 969 maerentium
429 919 464 970 ut
486 911 663 987 spiritualis
681 911 829 972 medicus

65 1006 225 1068 studuisti
266 1006 522 1068 clementissime
558 1009 730 1070 consolari.
779 1009 851 1070 Tus

66 1104 277 1182 largissimus
299 1104 332 1164 in
354 1122 514 1182 pauperes
536 1106 617 1167 nihil
641 1109 681 1168 de
699 1117 829 1169 terrena

64 1202 253 1264 substantia
274 1203 551 1281 concupiscendo,
579 1215 614 1266 tu
639 1206 828 1266 misericors

65 1321 173 1381 super
192 1311 381 1380 peccatores
400 1303 525 1363 nullum
542 1314 674 1382 propter
688 1304 828 1364 enormi·

65 1412 170 1462 tatem
193 1400 366 1461 criminum
389 1401 611 1477 despiciendo,
633 1404 691 1463 sed
713 1420 829 1462 omnes

65 1501 109 1561 ad
138 1499 400 1560 emendationem
424 1499 510 1560 vitae
532 1501 584 1578 pia
608 1500 864 1561 admonitionem

67 1597 274 1659 exhortando
295 1597 516 1674 gratissimum
538 1600 608 1658 Deo
631 1597 827 1658 sacrificium

67 1698 110 1758 de
135 1696 316 1757 animarum
343 1697 434 1756 lucro
461 1696 653 1774 suppliciter
673 1695 828 1772 optulisti.

66 1795 119 1855 Tu
147 1811 286 1854 serenus
311 1803 454 1871 aspectu,
476 1794 622 1855 moribus
645 1794 828 1871 disciplina·

66 1904 139 1968 tus,
162 1892 272 1952 verbis
295 1891 466 1968 discretus,
488 1902 561 1953 actu
584 1904 748 1967 strenuus,
769 1893 828 1951 hu-

68 1991 161 2052 milis
196 1989 311 2065 corde,
346 2008 482 2067 corpore
518 2001 643 2066 castuS‚
678 1989 864 2049 sublimisrs

67 2089 252 2164 intellectu,
267 2088 413 2149 oratione
428 2089 577 2164 devotuS,
599 2087 741 2148 lacrimis
757 2105 828 2164 pro·

69 2188 185 2262 lusus,
211 2186 421 2248 meditatione
443 2205 562 2264 purus,
588 2185 828 2262 praedicatione

69 2284 231 2359 fervidus,
248 2285 522 2361 contemplatione
538 2283 651 2344 crebra
665 2284 704 2343 ad
721 2283 827 2343 Deum

67 2399 255 2459 suspensus
286 2380 387 2442 fuisti.
436 2380 483 2440 Tu
515 2380 641 2441 meritis
672 2382 828 2458 locuples,

66 2479 246 2541 virtutibus
276 2478 432 2554 eximius,
461 2479 710 2539 conversatione
736 2493 864 2538 sanc-20

66 2586 133 2653 tus,
157 2577 242 2637 fama
257 2578 374 2652 clarus,
397 2576 499 2653 signis
521 2576 689 2652 mirificus,
711 2577 828 2653 plenus

68 2675 194 2753 Spiritu
217 2685 329 2736 sancto
352 2684 384 2735 et
404 2675 515 2752 gratia,
539 2675 609 2734 Deo
631 2673 770 2735 dilectus
791 2692 827 2734 ac

68 2773 260 2834 hominibus
276 2773 413 2832 multum
429 2772 627 2833 venerabilis
642 2771 828 2847 apparuisti.

67 2871 117 2931 Tu
130 2880 204 2947 post
214 2871 335 2931 multos
345 2871 473 2931 labores
485 2881 516 2932 et
526 2869 615 2930 varia
625 2887 683 2946 pro
692 2869 827 2930 Christo

67 2970 206 3031 tolerata
227 2969 405 3028 certamina
430 2970 469 3029 ad
491 2977 656 3028 aeternam
679 2967 863 3028 meruistizs

67 3062 294 3125 conscendere
323 3066 469 3142 requiem
492 3067 671 3127 beatorum.
715 3064 827 3141 Ibique

68 3161 251 3239 perfrueris
267 3162 411 3224 claritate
427 3163 536 3224 divina
558 3172 590 3224 et
611 3181 692 3239 pura
708 3163 828 3223 mentis

67 3259 294 3335 intellegentia
316 3259 486 3322 Christum
510 3261 544 3320 in
567 3279 627 3321 sua
648 3260 828 3337 specularis

67 3355 172 3433 gloria
194 3367 303 3418 certus
325 3357 388 3418 iam
411 3359 451 3418 de
471 3367 602 3418 aeterna
619 3357 724 3418 Patris
740 3373 827 3417 man·

68 3455 163 3516 sione
190 3472 227 3514 ac
254 3455 342 3515 felici
365 3455 502 3516 Deitatis
524 3455 667 3530 visione,
696 3455 736 3514 de
763 3471 863 3530 quaso

68 3563 144 3614 ante
173 3552 337 3629 passionis
365 3554 477 3613 horam
507 3553 545 3612 ad
574 3553 702 3613 Patrem
730 3568 827 3612 orans

428 3657 468 3698 sao
