2118 4186
228 460 308 513 &632
345 457 519 502 ORATIONES
536 459 575 502 DE
590 459 738 502 PASSIONE
755 460 868 504 DOMINI
905 462 986 514 m

229 593 292 669 tui,
321 610 404 670 quae
427 609 557 653 omnem
585 593 773 670 gravitatem
804 595 885 655 mihi
909 613 986 654 con·

228 701 333 752 vertat
361 691 394 750 in
422 690 639 750 dulcedinem.
690 691 824 752 Perfora
852 710 986 770 quoque

229 806 346 849 manus
361 800 393 849 et
408 789 508 864 pedes
523 805 616 850 meos
627 790 728 850 clavis
739 789 881 851 caritatis
899 799 986 864 tuae,

230 897 264 946 ut
285 903 346 947 nec
368 887 401 946 in
424 903 523 963 opere
538 903 599 946 nec
621 887 654 946 in
670 888 789 949 affectu
804 904 879 948 meo
895 888 986 964 quic-

205 999 324 1061 squam
341 983 493 1044 vanitatis
507 985 559 1044 vel
575 984 772 1046 carnalitatis
788 987 872 1046 ultra
887 986 987 1046 vivat.

229 1082 293 1143 Sed
316 1082 390 1142 vive
412 1091 446 1142 tu
468 1082 501 1142 in
524 1098 592 1158 me,
621 1092 653 1143 et
674 1099 734 1159 ego
756 1083 789 1142 in
811 1093 859 1144 te:
887 1083 986 1144 nihil-

228 1197 292 1256 que
314 1179 390 1239 mali
413 1179 624 1254 interveniat,
652 1179 739 1256 quod
761 1197 822 1241 nos
843 1190 985 1257 separet.

229 1277 346 1337 Nullae
368 1294 445 1354 ergo
461 1276 597 1337 deliciae
612 1294 673 1337 nec
690 1278 774 1338 ullae
790 1295 842 1338 me
857 1296 985 1354 poenae

228 1377 356 1436 solvant
373 1393 391 1434 a
405 1385 460 1435 tua
474 1374 665 1435 dilectione:
688 1376 745 1435 sed
761 1375 832 1435 sive
843 1377 883 1436 ad
898 1395 985 1438 mor-

194 1491 218 1531 ro
228 1483 292 1533 tem
316 1472 386 1532 sive
402 1473 440 1532 ad
456 1471 554 1532 vitam
571 1471 752 1547 vocaveris,
774 1490 984 1550 quocumque

228 1570 383 1646 volueris,
398 1569 550 1644 Domine,
565 1570 642 1629 illuc
657 1586 787 1647 pergam
800 1570 832 1630 in
848 1570 984 1630 nomine

228 1677 293 1728 tuo.
323 1665 432 1743 Sapiat
453 1668 533 1727 mihi
556 1669 648 1728 beata
666 1685 745 1729 crux
760 1679 814 1729 tua
829 1679 861 1730 et
877 1670 985 1731 taliter

228 1766 340 1842 sapiat,
363 1777 396 1826 ut
419 1782 524 1826 meam
547 1767 686 1826 libenter
702 1766 813 1827 feram.
844 1765 983 1844 Suscepi

227 1864 314 1924 illam
337 1874 516 1940 spontanee
542 1872 693 1924 aeternae
715 1865 830 1925 salutis
852 1865 985 1942 intuitu,

193 1981 218 2022 ιε
228 1971 335 2021 tamen
358 1970 486 2037 portare
508 1979 574 2021 non
597 1962 706 2038 valeo,
735 1961 797 2022 nisi
825 1963 984 2023 continuo

228 2076 359 2119 manum
388 2069 475 2119 tuam
505 2059 707 2136 apposueris,
749 2059 794 2120 Te
823 2077 903 2121 vero
931 2061 985 2120 ad-

227 2156 358 2217 iuvante
388 2167 419 2217 et
445 2158 585 2218 ducente
607 2159 679 2217 leve
702 2167 752 2219 est
773 2174 857 2218 onus
879 2166 985 2232 tuum,

228 2253 327 2330 litque
347 2255 478 2330 planum
495 2271 531 2314 ac
547 2254 701 2314 calcabile
716 2272 813 2315 omne
828 2272 984 2331 asperum

228 2353 327 2414 carni.
371 2354 483 2428 Nunc,
511 2370 530 2412 o
559 2353 749 2413 dulcissime
773 2353 864 2430 lesu,
893 2355 986 2414 salus

190 2461 260 2512 met
280 2449 385 2510 virtus
407 2450 534 2510 animae
556 2466 659 2527 meae,
681 2450 838 2511 confirma
852 2469 906 2512 me
926 2470 986 2529 pu-

227 2550 337 2610 sillum
369 2550 402 2609 in
433 2551 493 2609 hac
525 2551 605 2609 hora
635 2549 746 2610 verbis
776 2549 843 2609 oris
872 2550 919 2610 tui
952 2561 986 2610 et
1044 2559 1045 2580 l

227 2647 402 2723 praecipue
424 2647 457 2707 in
480 2647 705 2709 recordatione
722 2646 886 2724 passionis
908 2657 985 2708 tuae

228 2761 280 2804 me
311 2745 452 2806 totaliter
487 2745 629 2804 accende
664 2754 696 2804 et
731 2745 769 2805 ad
805 2753 836 2805 te
868 2744 985 2806 intime

227 2844 335 2902 tralre:
366 2853 401 2904 ut
430 2861 504 2902 cum
537 2843 797 2919 frequentatione
826 2844 986 2904 exercita·

191 2940 326 3001 astionis
355 2958 452 3017 sapor
473 2952 599 3001 crescat
620 2941 821 3002 devotionis:
850 2952 885 3002 ut
908 2959 982 3002 cum

227 3037 334 3098 debita
362 3039 547 3099 laudatione
576 3039 703 3099 fructus
732 3038 885 3114 effulgeat
910 3039 984 3115 piae

228 3136 497 3197 conversationis,
526 3137 592 3214 Qui
609 3153 683 3196 cum
701 3136 795 3195 Patre
810 3145 842 3195 et
858 3135 982 3212 Spiritu

228 3245 339 3294 sancto
369 3233 454 3293 vivis
484 3244 515 3294 et
537 3249 653 3310 regnas
677 3234 767 3292 Deus
792 3249 850 3308 per
873 3233 984 3293 omnia

227 3332 358 3390 saecula
379 3331 595 3391 saeculorum.
638 3328 754 3390 Amen.

577 3470 630 3525 83

582 3631 623 3673 342
