2128 4190
61 442 382 496 &mmmm
418 443 463 496 [24]
497 443 818 498 fflfflwfflffl

62 585 93 636 et
114 577 233 654 gratias
256 577 285 636 ei
308 578 426 638 devote
446 577 586 638 referas:
608 594 705 654 aquo
721 594 817 637 omne

60 676 182 735 bonum
199 675 363 751 accepisti.
395 675 499 736 Tunc
521 687 683 752 tempus
705 686 816 736 tuum

61 770 283 833 fructuose
306 774 509 849 expendis,
534 791 616 834 curn
639 775 683 834 de
706 774 817 834 malis

58 869 144 929 tuis
173 869 307 929 doles:
337 880 376 930 et
404 871 450 931 de
479 872 601 932 donis
630 872 705 932 Dei
734 889 817 949 gra·

57 967 141 1027 tias
170 967 267 1043 agis.
312 968 361 1028 De
387 971 450 1029 hoc
472 981 579 1030 autern
602 970 739 1030 multum
763 970 840 1030 do·s

58 1067 147 1142 leas,
172 1067 248 1144 quia
269 1083 447 1143 numquam
470 1067 584 1144 dignas
607 1068 677 1128 Deo
698 1067 817 1145 gratias

55 1183 115 1241 pro
148 1175 212 1226 tam
241 1163 413 1224 immensis
442 1164 612 1224 beneficiis
636 1165 706 1225 suis
728 1165 817 1225 exhi·

56 1263 177 1339 buisti3
205 1263 263 1323 sed
285 1278 346 1322 nec
368 1262 474 1322 adhuc
496 1262 575 1323 satis
598 1263 763 1340 regratiari
787 1264 816 1324 ei

56 1373 169 1437 potes:
199 1361 296 1421 etiam
326 1361 353 1420 si
383 1362 421 1421 ad
451 1361 538 1422 aliud
565 1361 646 1421 nihil
673 1363 817 1422 vacares

56 1460 171 1520 Debes
202 1469 310 1520 tamen
341 1476 399 1518 cor
428 1468 520 1518 tuum
551 1459 590 1518 ad
620 1460 726 1519 Deum
758 1457 853 1519 nitito

55 1559 202 1634 erigere:
224 1570 257 1618 et
278 1566 434 1635 quantum
457 1556 626 1632 praevales
642 1556 703 1615 Dei
720 1556 817 1615 bene·

55 1655 133 1715 ficia
161 1672 235 1714 curn
258 1672 374 1732 magna
395 1654 573 1715 attentione
595 1670 743 1729 pensare.
786 1652 816 1715 O

56 1761 217 1829 quantum
247 1763 278 1813 te
303 1752 431 1828 dilexit,
459 1752 514 1829 qui
544 1761 631 1812 tanta
658 1750 817 1810 mirabilia

54 1851 89 1910 in
128 1850 372 1926 pulchritudine
403 1860 623 1911 creaturarum
657 1848 817 1909 ostendit:

54 1958 90 2009 ut
122 1949 262 2008 haberes
287 1958 467 2025 promptam
491 1948 658 2008 materiam
682 1964 721 2006 ex
744 1962 852 2006 sen-ts

53 2045 211 2110 sibilibus
233 2046 344 2106 mundi
363 2047 461 2106 rebus
476 2063 609 2121 semper
623 2044 816 2122 regratiandi

56 2146 149 2219 Deo,
179 2143 234 2220 qui
259 2155 290 2204 te
313 2155 345 2205 et
367 2145 428 2205 ista
449 2144 534 2204 bona
555 2143 687 2204 creavit.
730 2143 817 2221 Qua·

54 2250 194 2319 propter
215 2241 309 2302 stude
332 2259 419 2301 cum
446 2259 600 2302 summa
627 2259 817 2302 reveren·

53 2339 116 2399 tia
146 2338 184 2399 ei
214 2339 379 2400 servire
408 2339 447 2398 in
474 2339 641 2399 laetitia
667 2339 817 2414 cordis,

53 2438 146 2498 sicut
167 2436 274 2514 angeli
297 2437 400 2498 sancti
416 2436 449 2496 in
466 2436 582 2513 caelis3
604 2449 700 2513 prout
714 2437 853 2513 possi-20
923 2444 932 2473 ι’

53 2536 125 2595 bile
148 2545 199 2595 est
221 2535 254 2594 in
278 2535 382 2613 fragili
406 2552 541 2611 corpore
568 2544 600 2595 et
625 2545 710 2595 statu
732 2535 817 2595 vitae
889 2521 920 2602 s

53 2632 817 2711 praesentis:quicomparationeiuturaebeati·
886 2609 893 2656 '⁴

52 2731 184 2793 tudinis
200 2748 312 2791 carcer
326 2731 453 2791 animae
466 2731 575 2808 potius
591 2739 641 2790 est
655 2731 817 2807 appellan·
922 2715 924 2722 ¹

53 2831 130 2890 dus.
162 2829 300 2905 Propter
314 2830 376 2888 hoc
392 2828 479 2888 eninr
496 2830 587 2888 Deus
603 2829 752 2905 dignatus
768 2838 817 2888 est

53 2931 158 2988 homo
176 2926 257 3002 lieri,
278 2927 343 3002 pati
359 2925 515 3002 cruciligi,
537 2936 569 2986 et
584 2926 684 3002 mori3
707 2935 741 2985 ut
760 2940 853 3001 peras

53 3025 248 3102 passionem
269 3041 400 3084 crucem
424 3033 455 3083 et
476 3034 614 3084 mortem
635 3041 739 3098 suam,
760 3023 816 3083 tibi

54 3131 267 3197 monstraret,
282 3131 438 3198 quantum
454 3129 486 3180 te
501 3119 663 3196 diligeret:
679 3136 737 3196 pro
753 3135 817 3194 quo

52 3229 184 3281 tantum
215 3219 372 3280 laboravit
400 3229 432 3279 et
460 3217 625 3278 sustinuit.
669 3217 742 3277 Non
772 3217 818 3276 sis

54 3334 135 3394 ergo
166 3316 328 3392 ingratus,
356 3333 418 3376 nec
440 3315 644 3376 obliviscaris
672 3314 817 3375 omniurn

54 3431 175 3474 eorum
198 3430 282 3489 quae
305 3413 381 3474 fecit
399 3413 561 3473 Dominus
585 3414 678 3473 lesus
700 3412 733 3471 in
755 3422 853 3472 ter-ao

55 3513 121 3572 ris:
149 3512 208 3572 sed
230 3511 403 3588 diligenter
424 3520 562 3571 retracta
583 3526 697 3586 magna
719 3526 818 3585 opera

420 3615 459 3657 eor
