2128 4190
209 467 248 517 &a
267 463 438 516 [scariones
451 466 489 506 ne
500 466 566 507 vrri
579 465 613 506 er
625 465 772 507 PnsleNE
785 464 909 518 nomm]
926 467 967 519 [p

209 600 283 676 quis
305 599 456 676 cognovit
478 615 612 659 sensum
635 601 786 674 Domini3
814 610 868 660 aut
890 601 966 678 quis

209 696 415 757 consiliarius
432 697 503 757 eius
518 698 551 758 in
567 699 628 758 hoc
640 699 724 758 lacto
741 699 828 759 luit?
854 700 967 761 Credo

209 807 241 856 et
262 796 395 856 adverto
418 796 504 856 istud
519 797 666 857 divinum
683 815 757 857 esse
773 797 967 872 consilium;

210 905 244 954 ut
265 893 457 970 impleretur
477 911 606 954 sacrum
629 896 806 971 prophetae
828 896 966 954 verbum
1058 893 1059 936 l

186 993 264 1052 adiu
276 1001 350 1052 ante
361 992 576 1068 praedictum:
596 992 672 1069 quia
682 993 714 1051 in
727 991 842 1051 humili
853 991 967 1051 habitu

210 1100 242 1150 et
256 1090 371 1165 spiritu
388 1089 649 1149 mansuetudinis
668 1090 736 1148 Rex
753 1088 853 1148 lsrael
870 1088 968 1149 Chri·

209 1197 280 1247 stus
296 1197 542 1248 eratventurus
565 1186 661 1246 Multi
678 1186 761 1247 forte
777 1186 968 1264 ignorabant

210 1286 250 1345 de
261 1303 325 1362 quo
336 1287 494 1361 propheta
504 1284 644 1344 dicebat:
660 1285 717 1344 sed
728 1285 858 1361 quando
871 1283 968 1345 Chri·

210 1394 280 1443 stus
311 1400 370 1459 per
397 1393 502 1444 semet
530 1383 637 1458 ipsum
660 1399 758 1458 opere
781 1383 968 1458 complevit,

177 1497 200 1538 to
210 1481 297 1559 quod
326 1483 483 1557 propheta
511 1481 602 1557 prius
624 1479 734 1539 verbis
760 1480 800 1539 ad
826 1480 967 1545 litteram

211 1579 388 1655 expressit3
409 1587 487 1638 tunc
507 1577 727 1638 indubitanter
742 1577 901 1638 creditum
917 1589 969 1639 est
1058 1621 1059 1624 κ

211 1687 242 1737 et
261 1678 345 1737 bene
367 1677 579 1752 intellectum,
601 1677 676 1753 quia
698 1676 738 1735 de
754 1692 793 1735 eo
808 1676 967 1752 scriptum

211 1784 294 1835 erat:
324 1785 356 1834 et
384 1777 465 1834 haec
495 1773 644 1833 lecerunt
672 1773 701 1833 ei
724 1783 759 1832 ut
781 1774 896 1834 beatus
919 1775 968 1834 lo·

211 1874 337 1932 hannes
351 1882 497 1932 testatur.
519 1871 618 1932 Venit
633 1889 709 1948 ergo
725 1871 882 1932 Christus
898 1871 967 1930 Rex

177 1989 201 2029 15
211 1987 323 2046 regum
340 1969 503 2029 Dominus
524 1986 589 2028 non
612 1969 645 2028 in
668 1985 765 2027 manu
788 1968 910 2044 potenti
927 1969 967 2029 ad

210 2068 398 2128 terrendum
425 2068 577 2128 homines
603 2067 687 2126 sicut
709 2066 832 2125 faciunt
854 2082 968 2124 saecu-

211 2167 295 2225 lares
306 2165 487 2242 principes:
503 2165 561 2224 sed
576 2165 615 2224 ad
626 2164 765 2223 dandum
779 2165 966 2240 exemplum

211 2265 413 2339 humilitatis,
434 2280 492 2340 per
513 2280 609 2339 quarn
633 2261 772 2322 faciliter
793 2262 968 2322 tenderent

211 2363 250 2422 ad
279 2363 419 2422 caeleste
451 2379 596 2438 regnum.
647 2360 703 2420 Est
731 2359 819 2419 enim
853 2377 968 2436 magna

175 2460 363 2521 aodistantia
394 2460 479 2520 inter
511 2460 631 2536 Regem
664 2458 744 2518 caeli
775 2467 807 2518 et
838 2459 968 2518 mundi:

211 2558 296 2618 inter
317 2574 493 2634 pauperem
514 2556 685 2617 Christum
708 2565 739 2615 et
761 2556 896 2616 divitem
913 2556 968 2616 Sa-

211 2656 386 2716 lomonem.
409 2655 492 2714 Nam
504 2653 657 2714 Salomon
669 2663 863 2729 regnaturus
875 2655 907 2714 in
920 2656 968 2715 le·

212 2752 353 2812 rusalem
383 2751 509 2828 positus
538 2760 587 2810 est
616 2768 715 2827 super
736 2752 857 2811 mulam
881 2753 969 2828 regis
1055 2753 1056 2788 l

213 2849 331 2909 David:
344 2849 499 2910 Christus
515 2858 622 2908 autem
638 2858 841 2924 pugnaturus
856 2859 970 2908 contra

176 2948 373 3007 25diabolum
404 2947 538 3007 sedebat
566 2963 666 3023 super
691 2947 814 3022 pullum
846 2946 968 3006 asinae.

212 3044 370 3104 Ascendit
385 3044 440 3104 ille
456 3044 543 3105 tubis
558 3044 763 3104 sonantibus:
779 3043 841 3102 iste
856 3044 969 3119 pueris

212 3142 413 3202 canentibus,
466 3143 524 3202 llle
555 3144 691 3202 laetatus
723 3149 772 3200 est
803 3141 970 3218 regalibus

212 3241 355 3319 phaleris
377 3241 528 3300 indutus:
550 3240 612 3299 iste
633 3238 722 3298 flevit
737 3248 870 3315 propter
885 3241 970 3316 peri-

212 3341 321 3399 culum
349 3339 505 3414 civitam,
533 3338 566 3397 in
595 3354 658 3414 qua
687 3336 833 3414 regnavit
863 3337 969 3395 David

175 3451 317 3498 aoxxxrtr
345 3435 449 3495 annis.
497 3436 532 3494 ln
564 3452 628 3512 quo
657 3433 788 3511 quidem
819 3431 905 3493 lacto
931 3450 969 3492 se

213 3533 251 3592 ad
282 3548 386 3608 genus
418 3532 522 3591 David
558 3531 722 3607 pertinere
757 3529 968 3591 monstravit:

569 3633 610 3674 aaa
