2128 4190
248 441 288 493 ns
306 440 479 492 [sermones
491 442 530 484 ou
541 441 607 484 vmn
619 441 654 484 Ετ
665 441 813 484 onss1one
825 442 950 495 nomm]
967 443 1006 495 ω

249 574 443 650 deploratur.
496 575 580 635 Ecce
610 593 707 652 quam
738 577 839 636 multa
869 578 941 636 loca
973 577 1004 636 in

249 671 401 748 passione
433 690 493 734 sua
524 672 680 734 Christus
710 673 872 749 visitavit,
908 691 1005 750 quam

248 785 347 845 saepe
366 770 400 830 in
415 771 488 832 istis
503 771 682 847 pretiosum
699 772 891 848 sanguinem
908 789 1005 832 suum

249 866 347 943 iudit3
375 885 471 944 quam
494 870 596 930 multa
616 870 813 947 improperia
834 887 909 930 cum
932 887 1005 930 ver·

224 965 380 1026 sberibus
396 967 561 1044 sustinuit,
580 978 614 1029 ut
629 969 784 1045 populum
800 985 896 1029 suum
913 984 1005 1028 sanc·
1049 971 1050 986 ¹

248 1062 394 1140 tiiicaret,
416 1074 448 1125 et
464 1065 535 1125 loca
549 1067 766 1126 contaminata
780 1073 949 1142 purgaret:
972 1065 1005 1125 in

247 1160 366 1237 quibus
391 1162 542 1223 homines
564 1180 663 1240 saepe
684 1172 820 1240 peccant
842 1173 874 1223 et
897 1164 1003 1223 Deum

247 1257 427 1320 offendunt.
479 1260 565 1337 Quis
605 1271 776 1323 enumeret
815 1276 873 1337 pro
914 1260 1006 1320 dolor

247 1355 356 1416 omnia
383 1358 466 1417 maia
487 1374 570 1434 quae
593 1359 698 1420 adhuc
720 1359 754 1419 in
782 1357 894 1419 multis
924 1356 1004 1417 locis
1049 1373 1050 1422 i

213 1453 376 1529 ropublice
399 1465 430 1515 et
452 1454 603 1531 privatim
626 1456 723 1532 fiunt3
751 1466 815 1517 tam
842 1455 876 1515 in
903 1454 1004 1514 domi·

246 1551 307 1611 bus
329 1568 426 1628 quam
449 1553 482 1613 in
505 1553 631 1630 plateis,
652 1553 686 1614 in
708 1553 829 1629 hortm,
850 1553 884 1612 in
907 1552 1003 1626 villis,

246 1648 278 1708 in
311 1650 476 1710 montibus
508 1661 540 1711 et
570 1651 726 1727 vallibus,
756 1651 790 1711 in
820 1650 944 1726 campis
973 1659 1003 1709 et

246 1745 350 1821 silvis,
370 1746 404 1806 in
427 1747 517 1808 atriis
537 1758 568 1808 et
583 1748 710 1824 palatiis
725 1748 892 1809 terrenis?
929 1747 1001 1807 Non

246 1853 296 1903 est
322 1843 365 1903 ibi
390 1843 563 1921 Christus3
589 1863 654 1906 non
681 1846 810 1907 auditur
834 1845 878 1905 ibi
907 1845 1001 1906 iletus

212 1943 286 2004 rsde
309 1943 461 2019 passione
478 1943 670 2005 Salvatoris:
693 1946 751 2004 sed
773 1943 899 2004 vanitas
915 1943 1000 2002 vani·

246 2049 357 2116 tatum,
382 2041 528 2102 incuset
551 2042 637 2103 risus
658 2042 692 2102 in
714 2041 876 2102 conviviis
899 2041 1000 2100 Hero·

246 2138 311 2214 dis,
338 2156 411 2199 cum
438 2139 508 2200 suis
530 2140 742 2217 principibus.
784 2140 853 2200 Vae
875 2138 999 2215 eisqui

246 2237 293 2296 sic
323 2237 557 2313 elongaverunt
586 2254 622 2298 se
651 2238 689 2298 ab
719 2255 757 2297 eo
780 2237 835 2314 qui
865 2235 1000 2296 redemit

246 2351 322 2409 eos;
354 2333 470 2394 faciem
502 2335 541 2395 ad
573 2336 730 2396 mundum
762 2335 939 2394 habentes:
970 2343 1001 2392 et

209 2432 378 2492 rodorsum
402 2434 440 2492 ad
457 2434 563 2493 Deum
580 2441 819 2494 convertentes.
849 2430 999 2490 Attamen

245 2530 319 2605 pius
342 2530 504 2590 Dominus
533 2547 598 2590 non
628 2540 734 2591 cessat
763 2529 903 2589 ciamare
930 2537 1001 2604 post

245 2629 343 2688 tales:
372 2638 404 2688 et
430 2629 469 2688 ad
492 2628 721 2704 paenitentiam
745 2642 900 2686 revocare
922 2641 999 2684 oves

246 2735 402 2785 errantes.
452 2726 534 2786 Nam
572 2742 663 2802 spem
696 2740 843 2800 magnam
875 2723 998 2783 miseri-

246 2821 374 2882 cordiae
404 2839 483 2883 suae
512 2821 643 2899 reliquit
671 2821 859 2881 hominibus
882 2820 915 2880 in
937 2830 997 2880 tam

208 2919 385 2996 asbenigna
407 2919 598 2980 sufferentia
620 2919 765 2980 omnium
789 2920 946 2978 maiorum
970 2928 999 2978 et

245 3017 393 3077 dolorum
417 3035 495 3078 suae
518 3016 741 3077 amarissimae
763 3015 942 3092 passionis:
969 3025 998 3075 et

244 3115 419 3190 praecipue
441 3115 474 3174 in
496 3115 562 3175 iliis
584 3114 676 3189 locis,
698 3114 752 3174 ubi
774 3124 844 3174 erat
864 3113 997 3189 produc·

245 3222 297 3272 tus
320 3221 351 3272 et
374 3212 555 3273 lacessitus.
594 3211 689 3271 Vnde
710 3228 768 3287 pro
791 3210 923 3271 malitiis
943 3211 996 3270 ho·

245 3310 369 3370 minum
401 3309 630 3386 extinguendis
665 3320 697 3370 et
731 3325 789 3385 pro
823 3307 996 3368 immundis
1042 3361 1043 3364 ,

208 3407 326 3471 solocis
355 3407 547 3483 purgandis:
576 3407 769 3484 gravissime
794 3405 928 3481 punitus
948 3416 997 3466 est
1042 3371 1043 3459 i

245 3505 277 3565 in
301 3521 361 3565 suo
384 3504 591 3566 sanctissimo
615 3519 749 3580 corpore
771 3520 790 3562 a
811 3503 932 3565 multis.
961 3503 996 3562 Et

601 3609 641 3650 aas
