2144 4194
221 457 261 508 ῦς
280 454 452 507 [SERMONES
465 455 503 496 DE
513 453 581 496 VITA
592 453 626 496 ET
638 451 787 495 PASSlONE
799 452 925 505 oolssNl]
943 452 987 504 ἴς)

222 588 399 662 exemplo?
422 588 487 665 Qui
504 588 616 664 utique
633 586 735 664 magis
751 598 865 663 prote,
881 604 983 664 quam

221 702 279 760 pro
309 702 345 744 se
374 685 518 745 creditur
545 685 720 744 ieiunasse.
765 684 803 745 Et
824 702 889 745 non
911 695 984 744 tan-

222 792 289 841 tum
306 783 464 843 ieiunium
481 783 553 842 eius
569 781 755 842 considera:
776 783 834 842 sed
849 782 982 858 longam

222 881 318 941 etiam
347 881 557 941 solitudinem
587 881 659 940 eius
688 879 837 956 studeas,
865 880 921 940 tibi
948 879 983 939 in

198 978 406 1055 sexemplum
433 980 580 1054 trahere3
609 979 772 1055 quomodo
795 989 921 1038 secrete
946 979 982 1038 in

220 1076 350 1136 deserto
367 1075 468 1152 latuit,
490 1092 564 1135 cum
580 1077 695 1136 bestiis
711 1075 982 1137 mansuetissime

164 1243 167 1249 ¹
219 1173 309 1248 vixit,
325 1183 357 1234 et
371 1191 389 1232 a
402 1172 529 1233 diabolo
545 1172 716 1248 tripliciter
730 1184 906 1250 temptatus
921 1174 982 1234 sit:

219 1271 380 1346 praebens
403 1271 540 1331 iormam
563 1270 728 1331 solitariae
749 1271 846 1347 vitae,
869 1271 1001 1348 lugam·

220 1369 347 1445 mundi,
369 1368 557 1430 vitationem
581 1369 795 1445 tumultuum3
824 1370 980 1445 frequen·

184 1468 295 1529 rotiam
325 1468 454 1543 orandi,
483 1466 696 1542 aptitudinem
719 1466 980 1543 contemplandi:

218 1567 420 1627 vacationem
451 1565 530 1640 Dei,
561 1565 777 1624 inclusionem
808 1574 841 1624 et
870 1574 979 1622 custo-

218 1663 303 1723 diam
328 1664 384 1724 tui.

258 1761 288 1823 Ο
311 1762 338 1821 si
368 1761 531 1838 aliquanto
554 1760 619 1819 illic
642 1769 788 1835 tempore
810 1775 886 1818 cum
911 1759 977 1817 Do-

218 1858 306 1918 mino
337 1859 411 1918 lesu
441 1858 607 1932 stetisses,
639 1858 677 1916 ab
709 1855 797 1915 omni
829 1857 976 1916 humano

184 1977 208 2016 15
218 1956 382 2016 consortio
398 1966 583 2032 separatus;
601 1970 711 2015 nonne
726 1953 782 2015 tibi
798 1953 976 2030 praedulce

218 2053 335 2114 fuisset
360 2054 405 2113 nil
433 2053 648 2114 manducasse
671 2051 736 2111 illis
758 2050 902 2110 diebus?
944 2049 975 2111 O

217 2168 313 2227 quam
337 2152 414 2211 ielix
438 2151 559 2211 luisses
581 2151 609 2210 si
632 2167 706 2209 cum
730 2148 796 2208 lilio
820 2149 881 2208 Dei
905 2164 977 2207 ere·

218 2248 331 2308 mitare
354 2249 535 2325 potuisses:
558 2257 590 2308 et
611 2247 699 2306 illius
722 2247 888 2307 consortio
903 2264 977 2323 per-

218 2345 291 2422 frui,
314 2347 365 2407 cui
388 2346 617 2407 deserviebant
638 2345 754 2420 angeli.
795 2344 856 2405 Vbi
880 2355 976 2421 putas

180 2456 285 2504 aoerat
306 2444 503 2505 domuncula
524 2443 614 2519 eius,
642 2452 697 2503 aut
723 2444 880 2518 spelunca
902 2460 976 2519 pro-

216 2553 330 2620 tegens
352 2544 461 2618 illum;
490 2542 541 2602 vel
565 2541 670 2618 qualis
693 2550 790 2601 matta
811 2540 977 2600 substrata

215 2641 342 2716 corpori
373 2641 472 2701 eius?
516 2641 551 2699 ln
580 2649 666 2700 terra
695 2640 803 2714 sedet,
832 2638 866 2697 in
888 2649 977 2699 terra

215 2739 334 2799 dormit
349 2749 380 2798 et
396 2738 552 2816 quiescit:
573 2737 628 2814 qui
645 2738 770 2797 caelum
786 2746 976 2812 terramque

215 2837 306 2912 regit.
337 2834 459 2912 Aspice
474 2853 562 2896 nunc
578 2834 758 2907 sedentem,
780 2849 867 2892 nunc
888 2844 976 2893 stan-

178 2943 297 2993 astam:
319 2951 406 2993 nunc
428 2950 535 3010 genua
556 2931 663 2991 suain
679 2931 826 2991 oratione
841 2930 976 2991 flecten-

214 3041 279 3090 tem
303 3031 341 3091 ad
365 3032 471 3091 Deum
496 3030 624 3090 Patrem
650 3045 746 3088 suum
769 3027 976 3103 omnipoten-

215 3138 289 3187 tem.
313 3127 487 3188 Associare
503 3127 600 3204 igitur
613 3127 642 3187 ei
657 3125 840 3187 devotionis
855 3124 975 3202 gratia:

215 3236 247 3284 et
268 3225 408 3286 libenter
430 3235 500 3286 esto
523 3226 614 3285 solus
630 3241 704 3284 cum
720 3225 801 3299 solo,
823 3223 976 3282 habendo

216 3322 324 3382 Iesum
351 3332 475 3384 tantum
503 3340 562 3399 pro
584 3322 724 3397 solaci03
752 3321 828 3399 quia
856 3320 977 3380 melior

178 3429 265 3480 aoest
286 3421 342 3481 tibi
366 3423 457 3482 solus
480 3421 574 3480 lesus
596 3437 654 3496 pro
677 3420 783 3479 socio:
806 3435 904 3495 quam
928 3428 976 3478 to-

214 3527 266 3578 tus
289 3519 477 3595 angelorum
501 3519 623 3577 chorus
645 3517 678 3576 in
701 3518 801 3577 caelo.
845 3515 976 3575 Revera

575 3621 613 3662 142
