2128 4190
228 440 268 490 δὲ
287 436 460 490 [sunnonis
473 437 512 479 DE
522 436 589 478 Vlla
599 436 634 478 ET
646 435 794 478 PASSIONE
807 434 933 486 oomlNl]
950 434 991 485 Z&

230 573 292 631 hoc
313 570 488 646 praecipue
508 579 543 630 ut
558 567 693 629 liberius
708 570 865 646 plangam.
899 568 990 628 lllor·
1049 536 1057 664 Ι

230 669 271 729 tis
293 678 367 728 tuae
388 667 530 728 Domine
552 667 763 728 recordabor:
785 676 817 727 et
839 667 987 728 omnium
1056 665 1057 738 ξ

229 767 402 826 vulnerum
427 775 557 825 tuorum
580 765 750 825 cicatrices
771 765 896 825 intimis
917 782 989 825 cor·

230 864 280 924 dis
298 863 421 924 osculis
436 863 584 923 crebrius
599 864 781 923 osculabor.
812 863 919 923 Nemo
934 879 989 922 me
1056 909 1057 912 ,

207 961 328 1023 shodie
356 962 554 1038 alloquatur:
583 978 681 1021 nemo
709 960 789 1020 mihi
815 961 856 1020 de
878 959 988 1036 aliquo
1056 959 1057 991 l

230 1059 352 1119 solacio
374 1059 534 1119 molestus
556 1059 608 1134 sit,
629 1075 691 1118 nec
713 1059 854 1135 aliquam
876 1058 988 1118 levita·
1054 1014 1058 1096 Ι

230 1167 296 1218 tem
319 1157 448 1233 innuat3
470 1157 632 1234 quianon
654 1157 811 1233 accipiam
827 1157 866 1216 ab
881 1155 989 1232 aliqua

231 1263 379 1314 creatura
401 1253 675 1315 consolationem:
697 1271 739 1314 ne
761 1253 920 1330 impediar
942 1254 988 1313 lu·

230 1370 308 1430 gere
320 1351 452 1413 Domini
467 1351 531 1411 mei
543 1352 780 1412 amarissimam
791 1351 988 1427 passionem.

198 1471 222 1512 ιο
234 1449 389 1511 Recedite
418 1449 561 1511 recedite
590 1449 760 1511 domestici
788 1458 821 1509 et
846 1449 989 1524 externi3

232 1549 384 1610 dimittite
406 1565 458 1608 me
481 1548 587 1607 solum
610 1557 642 1608 et
657 1547 839 1608 desolatum
856 1549 989 1608 sedere:

233 1655 267 1706 ut
287 1647 435 1722 plangam
451 1645 618 1720 paululum
634 1644 788 1705 dilectum
805 1661 915 1705 meum
930 1662 990 1721 pro

232 1760 285 1804 me
301 1742 502 1803 crucifixum.
535 1743 617 1802 Prae
639 1743 750 1802 dolore
773 1742 925 1802 deficiant
948 1744 990 1802 la-

233 1841 354 1902 crimae
385 1840 418 1900 in
450 1840 554 1916 capite
586 1857 676 1901 meo:
708 1849 740 1900 et
767 1858 833 1900 non
863 1841 906 1901 sit
932 1841 989 1917 qui
1059 1868 1061 1879 ·

201 1941 413 2017 isabstergat,
441 1956 501 1999 nec
528 1939 583 2015 qui
612 1956 665 1999 me
692 1940 898 2014 consoletur,
925 1938 990 1998 nisi

234 2037 290 2097 ille
312 2053 408 2112 quem
429 2037 556 2113 plango.
589 2036 768 2097 Lacrimate
790 2053 919 2098 mecum
942 2037 992 2096 sol
1062 2080 1063 2085 η

235 2144 267 2195 et
296 2136 388 2210 luna,
417 2144 449 2195 et
477 2136 585 2211 lugete
613 2151 743 2195 mecum
766 2151 882 2195 omnes
904 2151 993 2194 crea·

234 2243 343 2294 turae:
365 2232 519 2309 quoniam
542 2233 672 2293 occisus
692 2241 742 2293 est
757 2233 921 2293 Dominus
935 2249 994 2293 no·

236 2341 303 2392 ster
324 2331 431 2392 hodie.
463 2330 502 2391 Et
524 2331 656 2407 dignum
679 2341 729 2392 est
750 2340 786 2391 ut
801 2330 911 2391 omnia
927 2330 996 2390 sint

199 2429 269 2489 aoin
298 2445 464 2503 maerore,
491 2429 546 2488 ubi
569 2439 681 2489 auctor
701 2428 822 2504 patitur
842 2438 995 2488 naturae:

237 2537 269 2588 et
298 2543 413 2587 omnes
442 2526 577 2586 induant
608 2526 788 2586 tristitiam:
820 2525 874 2585 ubi
907 2525 995 2585 lilius

237 2624 298 2685 Dei
321 2633 442 2684 tantam
461 2624 601 2683 sustinet
616 2623 793 2683 miseriam.
825 2623 900 2682 Non
916 2621 995 2682 libet

237 2722 377 2798 amplius
410 2722 519 2798 loqui,
552 2722 610 2782 sed
643 2731 767 2782 tantum
802 2721 882 2780 ilere
913 2720 994 2780 mihi

238 2821 334 2882 libet:
370 2819 446 2896 quia
477 2820 568 2879 Deus
604 2836 698 2879 meus
734 2819 879 2878 clamans
913 2835 995 2878 voce

201 2934 353 2996 asmagna
393 2917 527 2994 expirat.
584 2917 675 2977 Exite
716 2915 801 2976 exite
842 2915 995 2976 lacrimae

239 3016 438 3076 uberrimae:
468 3025 500 3076 et
528 3032 634 3091 usque
661 3016 700 3075 ad
723 3014 859 3074 fundum
883 3031 996 3075 excur-

239 3115 309 3176 rite.
353 3115 468 3177 Cadite
497 3130 597 3189 super
626 3112 734 3173 dilecti
766 3111 898 3172 Domini
932 3112 996 3172 mei

239 3229 358 3288 corpus
373 3211 535 3271 occisum:
557 3221 589 3271 et
603 3209 836 3287 promeremini
852 3210 934 3270 mihi
950 3209 997 3271 in·

239 3309 391 3370 teriorem
415 3309 523 3369 cordis
544 3308 669 3384 visum3
698 3319 733 3368 ut
754 3308 846 3368 illum
869 3323 998 3368 merear

202 3407 412 3484 aoaliquando
428 3407 540 3467 videre
562 3406 772 3483 gaudiosum:
794 3422 894 3483 quem
909 3424 997 3467 nunc

238 3508 356 3583 plango
390 3505 581 3566 affectuosis
617 3505 758 3566 luctibus
794 3503 998 3566 crucifixum.

600 3610 638 3652 raa
