2114 4168
82 569 187 644 vadis,
209 578 241 628 et
255 572 418 645 quomodo
434 587 610 645 possumus
625 570 710 629 viam
728 570 841 630 scire?

82 665 114 726 Ο
139 675 279 742 quantus
308 667 419 727 fervor
445 667 566 727 amoris
593 667 700 727 cordis
728 669 773 728 tui
801 669 841 728 ad

82 765 289 840 sequendum
310 766 372 826 iter
386 766 495 825 dilecti
512 765 666 841 magistri.
696 766 841 842 Respon-

83 863 131 923 dit
154 863 210 923 tibi
233 864 338 923 dulcis
354 863 516 923 Dominus
536 874 568 923 et
583 864 745 940 magister.
775 864 840 940 Ego

83 977 158 1020 sum
181 961 244 1036 via,
265 962 386 1022 veritas
409 972 441 1021 et
462 962 537 1021 vita.
569 962 675 1021 Nemo
691 961 781 1021 venit
802 962 863 1021 ads

85 1059 226 1133 Patrem,
238 1059 300 1118 nisi
313 1076 371 1135 per
382 1077 445 1119 me.
468 1058 697 1120 Obeatissime
708 1058 841 1133 Thoma,

84 1172 183 1231 quam
202 1158 342 1217 sublime
358 1158 506 1218 meruisti
524 1175 729 1234 responsum,
745 1174 841 1233 quam

84 1271 214 1314 sacrum
238 1266 270 1314 et
291 1256 488 1331 profundum
504 1256 622 1316 audisti
638 1256 841 1332 mysterium.

84 1349 156 1410 Tibi
187 1351 342 1413 Christus
372 1371 409 1414 se
440 1355 547 1431 ipsum
579 1354 753 1428 revelavit,
784 1352 840 1412 tibi

84 1448 170 1508 viam
193 1451 232 1510 ad
255 1452 384 1512 Patrem
408 1453 559 1527 ostendit,
583 1470 619 1512 se
642 1469 743 1511 unum
766 1468 878 1510 cumro

84 1547 181 1606 Patre
203 1564 277 1608 esse
300 1550 409 1611 docuit
431 1568 467 1609 ac
489 1551 588 1611 vitam
617 1559 782 1610 aeternam
805 1565 841 1608 se

84 1643 234 1704 daturum
267 1646 476 1722 diligentibus
512 1665 548 1708 se
584 1648 742 1724 promisit.
793 1647 841 1706 Tu

85 1759 217 1818 quoque
239 1745 362 1821 hymno
384 1746 469 1806 dicto
492 1764 565 1806 cum
590 1747 663 1806 lesu
691 1747 724 1805 in
751 1763 841 1805 mon-

85 1849 150 1898 tem
174 1840 332 1902 olivarum
356 1843 485 1903 exivisti
511 1855 542 1904 et
564 1844 841 1920 appropinquante

85 1937 268 1998 traditionis
299 1942 378 2000 hora
409 1942 448 2001 de
478 1943 661 2018 captivitate
692 1941 781 2000 illius
810 1948 877 2000 etis

85 2035 270 2111 alligatione
297 2038 535 2099 maestissimus
563 2039 757 2100 remansisti.
800 2040 842 2100 At

84 2131 157 2207 ille,
193 2135 247 2210 qui
285 2153 342 2211 pro
374 2137 485 2197 mundi
522 2138 746 2215 redemptione
777 2137 840 2213 pati

85 2241 236 2306 venerat,
267 2234 381 2293 mortis
412 2235 522 2294 subire
551 2235 747 2312 supplicium
776 2251 841 2294 non

85 2330 259 2390 recusavit.
302 2331 372 2390 Nec
395 2332 478 2392 ultra
499 2333 641 2393 triduum
666 2352 684 2393 a
705 2331 842 2392 mortuis

85 2443 258 2502 resurgere
292 2428 432 2504 distulit,
467 2431 525 2490 sed
562 2431 614 2491 die
649 2430 743 2491 tertia
778 2429 878 2489 dis-20

84 2523 203 2599 cipulis
224 2524 403 2600 glorificato
425 2527 459 2586 in
482 2545 617 2604 corpore
640 2528 786 2604 apparuit
811 2537 843 2586 et

84 2620 138 2680 die
161 2631 274 2681 octava
295 2623 351 2682 tibi
375 2625 560 2699 specialiter
589 2643 667 2684 suae
695 2626 842 2684 humani·

84 2717 160 2776 tatis
183 2719 399 2793 praesentiam
423 2720 568 2781 indulsit.

126 2815 226 2891 Signa
240 2816 435 2878 victoriosae
450 2820 613 2894 passionis
628 2819 780 2894 ostendit,
802 2821 840 2879 ad

84 2912 280 2988 palpandum
292 2933 328 2974 se
337 2916 495 2993 invitavit,
506 2935 622 2977 manus
630 2935 666 2977 ac
678 2919 762 2977 latus
773 2920 841 2978 vul·
850 2937 878 2978 25

84 3011 219 3072 neribus
235 3015 337 3073 sacris
347 3015 518 3092 insignitas
531 3016 570 3075 ad
581 3016 776 3092 tangendum
789 3034 842 3092 pa-

84 3119 193 3170 tenter
214 3112 361 3186 praebuit
383 3124 414 3172 et
437 3114 476 3174 de
492 3125 623 3191 pectore
639 3125 694 3174 tuo
711 3131 841 3174 omnem

84 3207 296 3268 dubitationis
318 3212 507 3287 scrupulum
535 3212 655 3271 eduxit.
698 3211 727 3273 O
750 3229 843 3272 sacer

83 3315 187 3365 tactor
202 3306 375 3368 vulnerum
388 3305 524 3384 Christi,
540 3318 691 3385 quantam
707 3310 840 3384 gratiam

84 3414 116 3463 et
145 3404 352 3465 dulcedinem
382 3407 422 3467 de
451 3407 643 3466 vulneribus
665 3406 878 3469 Salvatorisao

84 3503 221 3562 traxisti.
265 3504 310 3563 Ex
338 3515 423 3565 tactu
453 3506 572 3582 quippe
597 3504 666 3564 veri
696 3505 842 3581 corporis

444 3611 485 3650 aaa
