2128 4190
229 425 270 475 033
288 424 460 475 [SERMONES
473 426 511 467 DE
522 425 588 468 VlTll
600 426 634 468 ET
646 425 794 469 PASSIONE
805 427 928 481 DOMINI]
947 432 987 483 Kc)

230 575 290 619 nes
312 559 546 619 amaritudines
569 560 758 635 passionum
783 573 986 625 nostrarum:

231 665 262 714 et
295 656 467 716 alleviandi
503 657 690 734 gravamina
724 676 743 718 a
778 676 987 739 quocumque

163 741 166 749 ⁴
230 751 363 812 homine
385 753 436 813 vel
460 753 575 828 spiritu
599 754 696 815 luerit
717 755 836 833 aliquis
855 775 985 819 exacer-

229 851 332 910 batus,

113 965 220 1007 neuma
271 947 371 1008 Stude
394 948 492 1025 igitur
515 951 664 1026 exemplo
688 950 815 1013 Christi
839 963 870 1013 et
892 961 984 1015 sanc-

122 1029 210 1134 ³⁰22?
229 1056 336 1106 torum
358 1047 431 1107 eius
452 1048 689 1125 aequanimiter
704 1049 803 1109 huius
824 1049 910 1111 vitae
931 1052 985 1111 ad-

228 1144 403 1205 versitates
438 1145 595 1206 sufferre:
634 1157 666 1207 et
700 1147 889 1223 patientiam
926 1167 984 1225 pro

228 1237 328 1302 armis
356 1252 479 1304 tenere.
523 1244 597 1304 Noli
628 1245 783 1321 conqueri
814 1245 854 1305 de
883 1246 984 1323 longi·

228 1338 340 1399 tudine
369 1341 543 1417 temporis,
573 1358 635 1402 nec
664 1342 704 1402 de
735 1343 911 1403 acerbitate
939 1344 985 1403 al·

194 1452 218 1494 ro
229 1437 825 1517 llictionis3sedpensaquiaChristus
835 1439 985 1516 graviora

228 1534 350 1595 diutius
364 1552 423 1611 pro
439 1546 470 1596 te
484 1537 633 1612 pertulit:
656 1547 688 1597 et
704 1537 778 1597 ideo
793 1537 917 1597 iustum
934 1546 984 1598 est

228 1641 262 1691 ut
284 1633 420 1692 eandem
436 1633 522 1693 viam
538 1634 697 1710 sequaris.
728 1634 811 1694 Nam
829 1634 983 1710 patiendo

227 1745 285 1805 pro
300 1729 434 1791 Christo
450 1732 586 1792 multum
603 1732 819 1808 promereris:
835 1742 868 1792 et
883 1733 984 1792 multa

227 1828 311 1889 bona
333 1829 450 1889 exinde
466 1829 689 1906 consequeris.
720 1829 830 1889 Primo
848 1829 981 1905 quidem

193 1927 334 1986 15Deum
351 1925 447 1986 altius
463 1927 677 1986 honorilicas:
695 1926 723 1986 si
740 1926 779 1986 de
795 1943 894 1987 manu
911 1926 982 1987 eius

227 2024 390 2102 quaelibet
412 2024 572 2084 contraria
600 2024 751 2084 benivole
774 2023 875 2099 capis,
916 2024 982 2085 An·

225 2122 316 2198 gelos
348 2122 522 2182 laetificas:
559 2121 612 2198 qui
645 2121 685 2181 de
720 2130 775 2181 tua
810 2122 982 2182 tolerantia

225 2220 366 2297 gaudent
387 2220 420 2279 in
445 2220 554 2279 caelis.
598 2218 786 2279 Proximum
811 2219 981 2280 aedificas:

226 2317 253 2377 si
284 2316 420 2377 iniurias
448 2317 545 2376 tacite
568 2316 665 2376 ieras,
708 2316 882 2378 Diabolum
907 2334 982 2378 con·

190 2414 353 2475 aofundis:
383 2414 410 2494 si
441 2415 550 2474 laesus
580 2425 611 2474 et
633 2425 840 2490 contemptus
863 2416 982 2492 gratias

226 2512 304 2589 agis,
346 2511 511 2573 Coronam
535 2522 622 2572 tuam
646 2511 808 2588 duplicas:
831 2514 908 2590 quia
929 2515 982 2574 hic

226 2609 382 2670 maiorem
404 2609 555 2686 gratiam,
584 2619 616 2669 et
645 2609 677 2668 in
702 2608 810 2670 iuturo
833 2611 980 2673 altiorem

225 2707 359 2784 gloriam
383 2707 532 2783 recipies.
576 2707 745 2784 Siquidem
768 2709 876 2769 omnis
891 2727 981 2786 prae·

226 2822 304 2865 sens
320 2805 410 2865 labor
424 2822 544 2880 parvus
561 2815 621 2880 est,
637 2815 669 2865 et
683 2806 794 2866 brevis
809 2808 891 2867 haec
902 2808 980 2868 vita:

189 2903 284 2964 zssed
307 2919 435 2963 merces
459 2920 605 2980 sequens
632 2904 765 2980 grandis
793 2915 844 2965 est
873 2915 905 2965 et
933 2923 981 2965 re·

226 3000 320 3077 quies
336 2999 471 3061 inlinita.
502 3001 629 3061 Revera
646 3001 767 3062 totiens
783 3013 906 3080 martyr
921 3004 979 3064 Dei

225 3098 982 3176 efficeristquotiensproDeopoenamlibenter

224 3196 355 3272 pateris.
399 3196 472 3256 Non
503 3213 579 3273 ergo
609 3196 765 3257 aestimes
788 3197 895 3256 Deum
926 3199 979 3258 tibi

224 3293 406 3353 adversari:
436 3293 464 3352 si
494 3293 527 3352 in
556 3294 618 3352 hoc
647 3293 769 3354 mundo
796 3295 980 3356 molestaris

188 3402 257 3454 aoet
285 3391 488 3467 deprimeris.
539 3390 657 3451 Gaude
686 3391 794 3467 potius
823 3392 901 3467 quia
929 3393 980 3454 hic

224 3487 408 3550 humiliaris
430 3498 462 3548 et
484 3488 675 3564 llagellaris:
705 3499 740 3549 ut
768 3498 883 3565 postea
908 3508 979 3552 cum

580 3591 621 3634 232
