2122 4196
80 454 121 504 (thJ
158 454 325 498 MEDlTthO
342 455 380 496 nt:
397 455 627 498 lncnnnntronfi
642 454 766 498 CHRISTI
800 459 840 510 KQ)

81 587 252 664 discipulis
280 589 366 649 beati
390 590 561 665 lohanniS‚
589 591 648 650 sed
670 601 783 667 postea
807 601 838 652 te

81 695 232 762 secutus,
261 706 279 747 a
309 705 373 764 quo
402 688 498 748 etiarn
521 688 554 747 in
577 691 758 764 apostolum
789 700 839 750 est

82 782 222 843 electus:
251 785 337 844 dicat
367 785 499 861 inquam
522 786 746 847 testimonium
771 787 838 861 tibi,

82 889 116 939 ut
136 881 307 942 audiamus
330 893 363 944 et
377 884 558 944 credamus.
589 885 779 945 Invenimus
795 885 838 944 ait

83 977 256 1040 Messiam:
282 981 336 1056 qui
360 981 478 1042 dicitur
500 982 665 1043 Christus.
709 980 861 1042 Osim-5

82 1074 155 1149 plex
176 1086 208 1137 et
229 1089 384 1138 constans
406 1079 504 1139 fides:
534 1080 661 1140 cunctis
683 1081 837 1141 imitanda

84 1174 277 1236 christianis.
332 1176 477 1253 Simplici
515 1178 635 1239 etenim
672 1177 769 1236 corde
805 1188 836 1236 te

83 1283 223 1348 secutus,
253 1274 370 1335 devota
391 1276 458 1335 oris
480 1275 687 1352 professione
711 1274 835 1335 Simoni

85 1369 169 1431 fratri
192 1388 252 1431 suo
276 1389 351 1432 mox
373 1374 515 1448 pandere
539 1372 676 1433 curavit:
700 1389 795 1448 quarn
819 1390 836 1432 a

84 1476 114 1526 te
135 1469 222 1530 fonte
238 1470 385 1530 veritatis
408 1471 561 1530 hauserat
583 1470 690 1530 fidem.
728 1470 766 1530 Et
783 1471 835 1529 ad·
848 1484 872 1526 ro

85 1564 169 1625 duxit
191 1583 264 1626 eum
295 1567 448 1628 videlicet
478 1568 625 1643 Petrum,
654 1568 692 1628 ad
716 1569 834 1628 lesum.

87 1661 152 1721 Hoc
167 1674 217 1724 est
231 1665 319 1724 enirn
337 1682 415 1725 vere
430 1675 461 1726 te
477 1665 657 1740 invenisse,
673 1665 834 1726 fraternae

87 1760 176 1819 saluti
191 1763 381 1823 consulere:
397 1763 494 1840 eique
510 1764 571 1824 iter
587 1762 738 1824 caelestis
749 1763 834 1825 vitae

87 1859 262 1920 ostendere.
306 1861 380 1921 Non
410 1861 458 1921 sic
489 1860 615 1921 ludaei:
648 1861 702 1936 qui
732 1871 834 1938 temp-

88 1963 184 2015 tantes
205 1957 365 2019 dicebant.
409 1959 442 2020 Si
466 1969 499 2019 tu
523 1976 558 2019 es
582 1959 753 2020 Christus:
783 1961 833 2021 dic
846 1975 870 2016 15

88 2053 173 2112 nobis
187 2055 303 2130 palam.
332 2057 401 2117 Vae
417 2056 510 2117 vobis
533 2057 659 2116 scribae
675 2067 707 2116 et
723 2057 833 2118 Phari·

87 2150 164 2210 saei:
190 2152 245 2228 qui
277 2171 337 2213 nec
367 2155 469 2230 signis
492 2171 552 2214 nec
575 2153 685 2214 verbis
708 2152 832 2214 Christi

86 2247 271 2309 credidistis.
313 2249 462 2311 Andreas
485 2253 582 2311 homo
605 2252 677 2312 sine
707 2253 833 2327 litteris,

84 2346 212 2406 audiens
236 2347 406 2408 Christum
430 2349 533 2409 semel
556 2350 760 2425 loquentem:
783 2367 832 2409 se-

86 2453 170 2504 cutus
192 2454 243 2504 est
266 2461 340 2504 eurn
364 2456 396 2505 et
418 2446 564 2507 credidit.
600 2447 669 2507 Vos
688 2447 869 2508 scienteszo

85 2541 180 2618 legem
211 2553 244 2602 et
272 2545 465 2618 prophetas,
496 2545 631 2620 insuper
661 2543 831 2605 audientes

84 2640 244 2700 veritatem
261 2656 301 2699 ex
312 2657 368 2700 ore
380 2641 524 2717 Christi;
539 2642 689 2703 videntes
700 2659 831 2719 quoque

85 2737 167 2815 signa
188 2747 220 2798 et
247 2738 406 2798 mirabilia
428 2741 500 2800 eius
523 2758 606 2818 quae
628 2759 725 2801 nemo
747 2742 831 2804 alius

87 2835 168 2896 lecit:
198 2836 338 2897 necdum
363 2838 548 2898 credidistis
570 2839 610 2898 ei.
655 2839 831 2915 Propterea

85 2933 205 3008 gravius
227 2934 395 3010 accipietis
417 2935 592 3011 iudicium3
622 2946 653 2997 et
675 2936 867 2998 iudicabitzs

85 3049 136 3091 vos
156 3031 207 3108 pia
222 3031 414 3108 simplicitas
438 3032 593 3108 fidelium,
615 3051 689 3093 curn
706 3034 758 3094 his
774 3035 828 3110 qui

86 3129 235 3204 dixerunt,
257 3146 322 3189 non
338 3140 388 3190 est
404 3130 512 3190 Deus:
535 3142 566 3190 et
582 3131 656 3191 vani
675 3141 751 3192 sunt
773 3133 827 3208 qui

87 3227 221 3287 serviunt
244 3227 284 3286 ei.

121 3325 278 3400 Loquatur
300 3335 331 3385 et
353 3325 407 3384 ille
429 3326 646 3401 praedilectus
661 3328 827 3402 apostolus
848 3397 935 3429 romu-

87 3421 251 3482 iohannes:
280 3422 333 3497 qui
362 3423 394 3482 in
418 3439 499 3483 cena
521 3441 620 3500 super
642 3434 757 3500 pectus
779 3436 826 3484 tu·
869 3451 915 3482 aas

88 3535 134 3578 um
155 3519 292 3579 Domine
315 3520 389 3580 Iesu
409 3522 569 3582 recubuit.
607 3523 643 3582 ln
665 3523 825 3598 principio
843 3504 936 3589 siiios

435 3627 461 3666 37
