2144 4194
244 444 284 496 m
302 441 476 496 [SERNONES
488 441 526 484 DE
537 441 605 484 VITA
615 441 650 484 ΕΤ
661 439 809 484 ΡΑδδΙΟΝΕ
820 439 947 494 DONiNi]
963 439 1002 492 ζῶ

246 579 307 638 hos
329 576 400 636 dies
422 575 570 636 amabilis
593 575 686 636 lesus
708 592 745 635 se
769 575 927 635 revelavit
949 591 1002 650 pa-

246 675 389 736 storibus
421 684 453 735 et
484 674 631 751 regibus3
667 683 699 733 et
731 683 850 750 quanta
880 672 1002 733 laetitia

246 783 323 833 tunc
346 773 406 834 iuit
425 773 614 850 parentibus
630 771 718 831 eius:
741 771 799 831 sed
815 781 847 831 et
861 770 919 832 tibi
936 787 1001 831 non

246 871 410 932 modicum
433 871 575 931 accrevit
598 869 751 947 gaudium
776 886 816 929 ex
838 878 884 930 tot
905 868 1001 929 bonis

222 968 374 1030 sauditis.
423 969 488 1029 Sed
519 970 584 1028 heu
613 968 711 1028 hodie
742 984 795 1027 res
824 967 924 1027 nimis
956 965 1002 1025 in-

246 1067 408 1127 fortunata
423 1075 455 1127 et
470 1066 621 1126 dolorosa
636 1064 768 1139 accidit3
785 1081 869 1140 quae
885 1063 1001 1124 merito

245 1165 343 1225 corda
360 1163 520 1225 concutit:
542 1173 575 1223 et
589 1163 754 1223 auditores
769 1179 885 1222 omnes
901 1161 1002 1237 stupi-

245 1263 304 1323 dos
327 1261 441 1322 reddit.
472 1260 625 1321 Refertur
645 1260 733 1320 enim
756 1260 842 1336 quod
862 1259 1001 1319 dilectus

246 1359 340 1419 lesus
362 1377 380 1418 a
395 1358 584 1435 parentibus
599 1358 642 1418 sit
656 1357 819 1434 perditus3
841 1367 873 1417 et
888 1374 929 1417 eo
943 1374 1001 1434 pro

211 1476 236 1516 10
246 1457 338 1517 dolor
359 1467 522 1533 tempore:
545 1473 618 1516 cum
641 1456 680 1515 ad
703 1456 860 1531 templum
878 1454 1002 1515 iestivi·

245 1554 320 1614 tatis
350 1555 451 1631 gratia
481 1564 633 1630 parentes
665 1553 737 1613 eius
772 1553 1002 1613 ascenderunt.
1060 1557 1061 1604 i

247 1652 276 1712 Ο
299 1652 405 1713 subita
426 1652 560 1714 mutatio
583 1653 735 1712 dexterae
751 1651 885 1711 excelsi.
916 1651 1001 1711 Nam
1060 1631 1061 1688 ἕ

245 1749 273 1809 si
297 1750 443 1827 perditus
464 1760 515 1810 est
538 1750 648 1824 lesus,
676 1766 760 1826 quae
782 1758 858 1808 tunc
880 1749 1003 1808 laetitia

246 1848 364 1924 poterit
378 1864 453 1908 esse
468 1848 501 1908 in
518 1848 615 1907 corde
631 1846 801 1907 hominis?
830 1845 895 1924 Qui
911 1845 1000 1906 enim

212 1965 236 2006 rs
246 1946 385 2022 perdidit
407 1946 532 2006 lesum:
562 1944 701 2021 perdidit
727 1945 899 2020 plusquam
930 1943 1001 2004 uni-

245 2061 377 2104 versum
400 2044 568 2104 mundum.
602 2043 720 2103 Nonne
742 2042 861 2103 meiius
883 2041 1002 2102 fuisset

245 2141 332 2201 domi
349 2141 565 2216 remansisse3
580 2158 676 2217 quam
693 2141 802 2200 iesum
818 2139 851 2200 in
866 2139 918 2199 via
929 2157 1001 2216 per·

246 2239 396 2299 didisse?
426 2237 511 2314 Heu,
532 2238 638 2314 qualis
654 2246 704 2298 est
719 2239 800 2297 haec
823 2236 1000 2297 festivitas:

246 2355 342 2415 quam
353 2338 506 2397 obscurat
516 2345 603 2396 tanta
613 2336 789 2397 calamitas.
812 2336 895 2396 Nam
911 2334 1001 2394 nulia

209 2435 349 2496 aomaior
369 2434 526 2510 gravitas:
555 2450 651 2510 quam
674 2444 709 2494 ut
730 2433 855 2509 perdita
876 2432 1001 2493 dicatur

246 2531 460 2592 maerentium
490 2530 684 2591 iucunditas.
735 2531 841 2591 Nemo
871 2530 999 2607 piorum

246 2629 385 2690 dubitet:
420 2628 498 2704 quin
528 2628 633 2688 Naria
663 2628 697 2689 in
728 2628 789 2688 ista
818 2628 999 2705 perditione

246 2727 303 2787 iiiii
326 2726 376 2786 sui
400 2728 537 2786 multum
561 2726 749 2787 contristata
772 2725 841 2787 iuit.
881 2727 999 2786 Nonne

245 2825 439 2902 gaudentius
460 2824 494 2883 in
517 2824 679 2883 Nazareth
709 2823 874 2899 latuisset;
903 2840 999 2900 quam

209 2923 278 2985 asin
303 2923 479 2986 Ierusalem
510 2921 607 2982 hodie
629 2921 894 2998 comparuisset?
936 2920 999 2982 Sed

245 3021 348 3081 voluit
369 3028 481 3080 sancta
502 3028 605 3079 mater
625 3036 737 3079 sacrae
759 3019 840 3096 legis
863 3036 999 3079 consue-

246 3119 391 3178 tudinem
403 3119 591 3178 observare:
608 3127 640 3177 et
650 3118 814 3193 perfectae
825 3117 1000 3178 oboedien-

245 3217 308 3277 tiae
316 3215 501 3291 exemplum
511 3214 663 3274 omnibus
674 3215 760 3274 dare.
779 3214 855 3274 ideo
867 3214 998 3275 domum

245 3332 281 3374 ac
304 3313 467 3375 civitatem
490 3329 582 3372 suam
606 3311 752 3388 reliquit:
781 3321 813 3371 et
841 3313 998 3390 templum

209 3412 307 3476 aoDei
324 3430 398 3472 cum
421 3411 487 3472 iilio
510 3421 542 3471 et
558 3411 675 3487 loseph
691 3410 843 3470 visitavit.
874 3411 998 3471 Verum

245 3529 302 3588 pro
334 3508 524 3571 ostensione
554 3507 727 3584 patientiae
756 3505 845 3581 eius,
878 3517 911 3568 et
941 3525 998 3585 pro

604 3611 642 3652 122
