2118 4186
88 434 414 486 (Eifflsstspffiffiffl
466 435 478 474 ὃ
531 433 851 485 ZGXQAENQZQQQOE

90 566 260 642 confugio,
282 566 335 627 ubi
359 565 478 626 iniirmi
502 565 666 641 accipiunt
687 566 851 640 virtutem,

90 675 124 725 et
153 664 271 741 captivi
302 665 537 725 liberationem.
581 665 657 724 Esto
687 681 764 740 ergo
793 664 850 723 mi-

90 764 238 823 sericors
260 763 340 822 mihi
370 773 403 822 et
423 763 508 822 bona
530 772 634 823 mater
655 762 743 822 cordi
766 779 851 836 meo,

90 870 127 921 ut
165 861 252 920 felici
285 859 487 936 experientia
521 877 609 919 nunc
645 859 782 919 sentiam
819 870 850 918 te

90 959 241 1019 omnium
285 975 360 1017 esse
401 957 650 1018 consolatricem
690 957 873 1017 omnium-s

90 1075 157 1134 que
190 1057 247 1118 tibi
278 1055 492 1115 servientium
529 1066 560 1116 et
592 1056 625 1115 in
655 1064 687 1115 te
719 1071 850 1130 speran-

90 1156 175 1216 tium
200 1153 394 1214 fidissimum
418 1155 640 1214 sublevamen.

135 1253 257 1312 lterum
281 1267 397 1328 precor
418 1261 464 1327 te,
490 1251 727 1327 gloriosissima
749 1261 852 1310 mater

93 1350 158 1410 Dei
172 1350 287 1425 Maria,
302 1359 463 1427 quatenus
476 1350 514 1408 ab
526 1353 586 1409 hac
597 1350 760 1426 praesenti
771 1350 852 1408 hora

91 1465 201 1526 usque
217 1450 255 1508 ad
271 1458 448 1509 extremam
465 1448 577 1507 horam
594 1448 732 1524 propitio
748 1466 785 1507 ac
800 1466 850 1508 se·
863 1466 887 1506 ro

91 1563 175 1605 reno
191 1547 282 1607 vultu
299 1546 462 1621 cordeque
476 1545 668 1605 dulcissimo
684 1563 783 1622 super
798 1563 850 1606 me

92 1643 261 1720 respicere
272 1660 337 1703 non
351 1643 505 1719 fatigeris,
520 1643 578 1702 sed
594 1643 627 1702 in
642 1654 727 1703 tuam
744 1653 850 1703 custo·

92 1742 180 1800 diam
197 1758 249 1801 me
265 1741 405 1817 accipias
421 1750 517 1817 atque
532 1741 740 1801 sanctissima
761 1741 850 1801 brac-

92 1839 850 1915 chiatuasuperme‚quocumqueambulavero,

92 1936 317 1997 maternaliter
338 1936 512 2012 expandas.
555 1936 640 1997 Cum
666 1946 773 1997 autem
796 1955 886 1997 ve-rs

92 2034 180 2095 nerit
196 2034 266 2094 dies
282 2052 375 2094 meus
387 2034 597 2110 novissimus,
613 2052 710 2111 quem
727 2035 850 2112 ignoro,

93 2143 126 2192 et
155 2134 235 2192 hora
263 2132 378 2191 mortis
407 2133 581 2192 metuenda
612 2133 722 2207 valde,
753 2150 849 2209 quam

92 2247 159 2289 non
182 2247 317 2306 possum
340 2229 528 2306 praeterire,
553 2247 571 2288 ο
595 2230 851 2290 clementissima

93 2326 239 2401 domina,
268 2344 341 2387 mea
368 2327 544 2403 singularis
567 2327 684 2387 fiducia
707 2328 738 2387 in
761 2329 849 2388 omni

92 2425 253 2501 angustia,
268 2427 327 2485 sed
342 2426 375 2485 in
391 2426 472 2485 hora
482 2425 596 2486 mortis
608 2425 757 2500 maxime,
773 2438 849 2486 tunc
859 2445 886 2486 20

93 2531 259 2582 memento
282 2524 346 2583 mei
370 2534 402 2583 et
423 2523 542 2583 assiste
571 2523 627 2583 iini
650 2524 735 2583 vitae
757 2541 849 2585 meae

92 2621 293 2680 consolando
322 2621 536 2697 trepidantem
567 2621 706 2681 animam
733 2638 849 2681 meam.

93 2719 233 2793 Protege
256 2735 327 2778 eam
351 2719 389 2777 ab
410 2718 474 2778 illis
491 2718 602 2778 taetris
619 2728 650 2779 et
672 2719 849 2779 immundis

91 2815 272 2892 spiritibus,
295 2833 337 2875 ne
357 2816 496 2876 audeant
510 2834 564 2876 me
580 2817 849 2894 appropinquare,

91 2929 189 2989 quam
225 2921 280 2972 tua
309 2913 450 2989 gratiosa
481 2915 665 2990 praesentia
699 2917 886 2993 digneturas

90 3026 167 3069 cum
184 3009 391 3070 multitudine
407 3012 597 3088 angelorum
614 3022 646 3071 et
661 3023 847 3074 sanctorum

90 3105 236 3166 visitare.
268 3106 383 3182 Satage
401 3123 532 3182 quoque
554 3107 682 3183 placare
704 3109 849 3169 mundis-

90 3203 187 3263 simis
209 3203 361 3280 precibus
383 3203 459 3280 tuiS‚
481 3205 670 3281 priusquam
694 3206 848 3266 decedam

91 3318 132 3360 ex
162 3302 223 3360 hac
254 3301 344 3375 luce,
379 3301 522 3361 divinam
556 3302 672 3362 faciem
705 3303 761 3363 filii
791 3305 849 3378 tui,

57 3419 61 3425 ·
91 3415 190 3474 quem
213 3399 334 3459 totiens
350 3408 460 3459 ettam
475 3400 619 3475 graviter
633 3400 754 3460 offendi
774 3418 885 3477 pec-ao

91 3495 174 3555 catis
205 3495 298 3555 meis
351 3496 429 3556 Post
459 3497 540 3557 haec
575 3498 707 3574 suscipe
738 3499 847 3558 enavi-

450 3602 491 3641 359
