2128 4190
60 457 389 510 mmm
425 458 824 512 [Elfflfflffifflw

77 599 139 659 DE
163 549 276 660 vT1L1
301 599 539 663 EXERCITIO
563 602 607 662 IN
632 601 809 662 CHRISTI

335 697 561 760 PASSIONE.

401 847 491 910 [xxv]

60 923 224 1150 &ffiffl
239 983 355 1069 dilecto
376 999 462 1043 meo:
482 986 575 1044 etad
595 1001 644 1044 me
662 987 825 1046 conversio
862 1017 913 1048 vox

196 1081 273 1140 eius.
318 1081 405 1142 Inter
426 1082 563 1142 dilectos
588 1093 699 1143 mutua
721 1085 826 1159 placet
836 1071 939 1104 rurore.

61 1177 317 1254 sermocinatio,
347 1189 379 1239 et
400 1190 563 1240 secretum
587 1180 729 1257 diligitur
751 1197 826 1241 con·

62 1275 198 1336 silium:
227 1278 322 1353 quale
349 1288 381 1338 et
406 1295 505 1353 saepe
528 1279 632 1355 agitur
654 1278 739 1339 inter
760 1279 826 1338 ani·

63 1390 156 1434 mam
172 1374 321 1434 devotam
338 1385 370 1435 et
386 1376 494 1436 lesum
510 1376 712 1437 crucifixum.
737 1378 826 1437 Haec

63 1488 149 1548 ergo
164 1471 250 1532 dicit.
283 1472 348 1548 Ego
364 1473 482 1534 dilecto
501 1491 574 1534 meo
597 1492 669 1535 sum
694 1476 724 1535 id
740 1477 827 1553 quod

63 1586 161 1628 sum:
191 1580 223 1630 et
249 1581 377 1646 praeter
398 1571 506 1647 ipsum
529 1589 594 1632 non
617 1590 695 1633 curo
717 1573 863 1634 alium.10

65 1666 136 1742 Ipsi
160 1667 221 1726 soli
244 1668 339 1744 cupio
362 1668 549 1729 intendere:
578 1670 639 1746 ipsi
670 1687 723 1732 me
749 1683 827 1733 tota-

65 1764 147 1824 liter
174 1767 384 1840 commend03
413 1765 489 1842 quia
517 1767 578 1842 ipsi
608 1785 686 1828 cura
712 1780 762 1831 est
788 1771 828 1830 de

65 1879 142 1922 me:
164 1873 196 1923 et
217 1863 255 1923 ad
278 1879 330 1923 me
353 1864 425 1923 sine
445 1864 543 1924 dubio
559 1867 731 1927 conversio
747 1868 828 1928 eius,

68 1959 158 2019 Nolo
181 1976 256 2036 ergo
279 1971 314 2021 ut
335 1961 421 2019 oculi
444 1962 507 2020 mei
531 1963 648 2023 alicubi
669 1964 829 2025 divertan-

66 2068 142 2132 tur;
163 2057 220 2117 sed
244 2068 278 2118 ut
299 2068 401 2118 totum
425 2075 605 2120 cormeum
626 2061 659 2120 in
675 2062 827 2123 dilectum
840 2081 864 2122 15

67 2172 182 2216 meum
213 2165 436 2216 convertatur:
466 2158 520 2234 qui
551 2175 608 2233 pro
638 2177 690 2219 me
712 2177 829 2236 passus

68 2263 123 2314 est
145 2263 177 2313 et
198 2253 390 2313 crucifixus:
420 2255 520 2317 immo
548 2266 635 2317 totus
658 2275 697 2317 ex
720 2275 830 2318 amore

67 2351 264 2411 vulneratus
280 2360 312 2410 et
326 2352 519 2413 vulneribus
535 2355 709 2415 sauciatus.
741 2355 828 2417 Olim

69 2448 221 2526 quaesivi
257 2449 428 2524 parvulum
460 2451 642 2527 vagientem
675 2453 707 2511 in
740 2470 831 2529 prae-

69 2546 182 2622 sepio:
210 2546 269 2605 sed
291 2563 377 2607 nunc
401 2548 496 2623 cupio
518 2549 666 2624 aspicere
688 2552 866 2626 pendeo-20

68 2655 138 2704 tem
169 2643 202 2704 in
232 2644 385 2719 patibulo.
434 2645 526 2707 Sicut
553 2647 641 2707 enim
672 2657 749 2707 tunc
778 2664 830 2706 me

70 2741 220 2801 converti
242 2742 281 2802 ad
301 2742 500 2803 adorandum
516 2745 687 2820 parvulum
703 2754 830 2804 natum:

69 2840 117 2900 ita
145 2850 178 2900 et
206 2856 293 2899 nunc
324 2858 376 2901 me
406 2853 561 2902 converto
590 2842 629 2901 ad
657 2842 764 2918 ipsum
797 2850 831 2901 ut

70 2938 222 3013 plangam
249 2953 307 3012 pro
334 2954 387 2997 me
412 2939 485 2998 neci
508 2940 627 3000 datum.
671 2940 707 2999 ln
729 2938 831 2999 omni-

70 3037 136 3094 bus
159 3034 211 3094 his
234 3034 313 3094 mihi
336 3034 475 3096 dilectus
498 3038 623 3113 estqui
647 3047 734 3098 totus
751 3038 830 3098 mihi
840 3056 867 3097 25

71 3133 169 3191 datus
197 3141 263 3191 est:
292 3148 350 3206 pro
378 3149 430 3192 me
452 3150 530 3193 vere
552 3145 664 3210 natus,
692 3153 750 3211 pro
779 3154 831 3197 me

71 3244 153 3288 vere
167 3244 286 3303 passus
306 3237 338 3287 et
353 3228 549 3291 immolatus.
582 3232 675 3292 Fudit
691 3235 832 3310 quando·

72 3342 138 3401 que
163 3324 401 3400 compassionis
424 3327 590 3388 lacrimas:
615 3347 702 3389 nunc
724 3339 830 3390 autem

73 3422 255 3500 pretiosum
273 3422 326 3483 dat
340 3424 543 3501 sanguinem.
570 3426 653 3487 Ecce
669 3428 832 3503 quomodo

72 3521 202 3581 amabat
229 3537 298 3580 me:
326 3521 382 3597 qui
411 3539 448 3581 se
477 3523 606 3583 tradidit
628 3523 660 3582 in
683 3535 868 3598 mortem‚ao

104 3625 253 3667 Thomaeali.
262 3623 346 3678 Opera.
359 3625 399 3668 lll.
433 3625 475 3667 209
700 3628 723 3668 ll
