<?xml version="1.0" encoding="UTF-8"?>
<!DOCTYPE html PUBLIC "-//W3C//DTD XHTML 1.0 Transitional//EN"
    "http://www.w3.org/TR/xhtml1/DTD/xhtml1-transitional.dtd">
<html xmlns="http://www.w3.org/1999/xhtml" xml:lang="en" lang="en">
 <head>
  <title>
</title>
<meta http-equiv="Content-Type" content="text/html;charset=utf-8" />
  <meta name='ocr-system' content='tesseract 3.04.00' />
  <meta name='ocr-capabilities' content='ocr_page ocr_carea ocr_par ocr_line ocrx_word'/>
</head>
<body>
  <div class='ocr_page' id='page_1' title='image "./thomaehemerkena01pohlgoog_0365.png"; bbox 0 0 2118 4186; ppageno 0'>
   <div class='ocr_carea' id='block_1_1' title="bbox 217 427 979 482">
    <p class='ocr_par' dir='ltr' id='par_1_1' title="bbox 217 427 979 482">
     <span class='ocr_line' id='line_1_1' title="bbox 217 427 979 482; baseline -0.008 -9"><span class='ocrx_word' id='word_1_1' title='bbox 217 429 298 481; x_wconf 54' lang='lat' dir='ltr'><strong>(am</strong></span> <span class='ocrx_word' id='word_1_2' title='bbox 335 427 509 471; x_wconf 77' lang='lat' dir='ltr'>ORATIONES</span> <span class='ocrx_word' id='word_1_3' title='bbox 526 429 564 470; x_wconf 85' lang='lat' dir='ltr'><strong>DE</strong></span> <span class='ocrx_word' id='word_1_4' title='bbox 580 427 728 470; x_wconf 78' lang='lat' dir='ltr'>PASSIONE</span> <span class='ocrx_word' id='word_1_5' title='bbox 745 428 859 471; x_wconf 78' lang='lat' dir='ltr'><strong>DOMINI</strong></span> <span class='ocrx_word' id='word_1_6' title='bbox 895 429 979 482; x_wconf 53' lang='lat' dir='ltr'><strong>[eam</strong></span> 
     </span>
    </p>
   </div>
   <div class='ocr_carea' id='block_1_2' title="bbox 177 561 1038 3475">
    <p class='ocr_par' dir='ltr' id='par_1_2' title="bbox 177 561 1038 3475">
     <span class='ocr_line' id='line_1_2' title="bbox 218 561 978 638; baseline 0.001 -17"><span class='ocrx_word' id='word_1_7' title='bbox 218 563 303 622; x_wconf 93' lang='lat' dir='ltr'><strong>simo</strong></span> <span class='ocrx_word' id='word_1_8' title='bbox 318 561 477 638; x_wconf 86' lang='lat' dir='ltr'><strong>sanguine</strong></span> <span class='ocrx_word' id='word_1_9' title='bbox 492 561 628 638; x_wconf 88' lang='lat' dir='ltr'><strong>virginis</strong></span> <span class='ocrx_word' id='word_1_10' title='bbox 643 562 768 622; x_wconf 84' lang='lat' dir='ltr'><strong>lllariae</strong></span> <span class='ocrx_word' id='word_1_11' title='bbox 785 563 978 623; x_wconf 88' lang='lat' dir='ltr'><strong>formatum:</strong></span> 
     </span>
     <span class='ocr_line' id='line_1_3' title="bbox 218 658 1038 752; baseline 0.004 -34"><span class='ocrx_word' id='word_1_12' title='bbox 218 659 276 719; x_wconf 91' lang='lat' dir='ltr'><strong>sed</strong></span> <span class='ocrx_word' id='word_1_13' title='bbox 292 659 467 735; x_wconf 85' lang='lat' dir='ltr'><strong>pretiosius</strong></span> <span class='ocrx_word' id='word_1_14' title='bbox 482 659 563 719; x_wconf 92' lang='lat' dir='ltr'><strong>mihi</strong></span> <span class='ocrx_word' id='word_1_15' title='bbox 579 658 730 736; x_wconf 85' lang='lat' dir='ltr'><strong>efficitur,</strong></span> <span class='ocrx_word' id='word_1_16' title='bbox 751 661 828 737; x_wconf 85' lang='lat' dir='ltr'><strong>quia</strong></span> <span class='ocrx_word' id='word_1_17' title='bbox 841 678 900 737; x_wconf 91' lang='lat' dir='ltr'><strong>pro</strong></span> <span class='ocrx_word' id='word_1_18' title='bbox 923 678 979 721; x_wconf 90' lang='lat' dir='ltr'><strong>me</strong></span> <span class='ocrx_word' id='word_1_19' title='bbox 1037 733 1038 752; x_wconf 13' lang='grc' dir='ltr'>χ</span> 
     </span>
     <span class='ocr_line' id='line_1_4' title="bbox 218 757 1038 836; baseline 0.002 -18"><span class='ocrx_word' id='word_1_20' title='bbox 218 767 281 818; x_wconf 89' lang='lat' dir='ltr'><strong>tam</strong></span> <span class='ocrx_word' id='word_1_21' title='bbox 298 758 489 819; x_wconf 78' lang='lat' dir='ltr'><strong>deformiter</strong></span> <span class='ocrx_word' id='word_1_22' title='bbox 503 767 554 817; x_wconf 91' lang='lat' dir='ltr'><strong>est</strong></span> <span class='ocrx_word' id='word_1_23' title='bbox 568 757 602 817; x_wconf 95' lang='lat' dir='ltr'><strong>in</strong></span> <span class='ocrx_word' id='word_1_24' title='bbox 617 757 771 833; x_wconf 80' lang='lat' dir='ltr'><strong>passione</strong></span> <span class='ocrx_word' id='word_1_25' title='bbox 786 759 979 836; x_wconf 88' lang='lat' dir='ltr'><strong>martyriza-</strong></span> <span class='ocrx_word' id='word_1_26' title='bbox 1037 761 1038 800; x_wconf 71' lang='lat' dir='ltr'><strong>l</strong></span> 
     </span>
     <span class='ocr_line' id='line_1_5' title="bbox 217 855 978 917; baseline -0.001 -1"><span class='ocrx_word' id='word_1_27' title='bbox 217 867 296 917; x_wconf 92' lang='lat' dir='ltr'><strong>tum.</strong></span> <span class='ocrx_word' id='word_1_28' title='bbox 319 857 393 916; x_wconf 94' lang='lat' dir='ltr'><strong>Non</strong></span> <span class='ocrx_word' id='word_1_29' title='bbox 405 856 485 916; x_wconf 92' lang='lat' dir='ltr'><strong>mihi</strong></span> <span class='ocrx_word' id='word_1_30' title='bbox 502 857 613 917; x_wconf 91' lang='lat' dir='ltr'><strong>sordet</strong></span> <span class='ocrx_word' id='word_1_31' title='bbox 629 856 730 917; x_wconf 90' lang='lat' dir='ltr'><strong>facies</strong></span> <span class='ocrx_word' id='word_1_32' title='bbox 745 865 800 916; x_wconf 91' lang='lat' dir='ltr'><strong>tua</strong></span> <span class='ocrx_word' id='word_1_33' title='bbox 815 855 890 915; x_wconf 91' lang='lat' dir='ltr'><strong>olim</strong></span> <span class='ocrx_word' id='word_1_34' title='bbox 906 865 978 915; x_wconf 88' lang='lat' dir='ltr'><strong>tam</strong></span> 
     </span>
     <span class='ocr_line' id='line_1_6' title="bbox 195 953 979 1030; baseline 0.001 -17"><span class='ocrx_word' id='word_1_35' title='bbox 195 954 375 1030; x_wconf 78' lang='lat' dir='ltr'><strong>samabiliS‚</strong></span> <span class='ocrx_word' id='word_1_36' title='bbox 397 971 484 1014; x_wconf 89' lang='lat' dir='ltr'><strong>nunc</strong></span> <span class='ocrx_word' id='word_1_37' title='bbox 506 962 613 1014; x_wconf 90' lang='lat' dir='ltr'><strong>autem</strong></span> <span class='ocrx_word' id='word_1_38' title='bbox 636 962 700 1013; x_wconf 90' lang='lat' dir='ltr'><strong>tam</strong></span> <span class='ocrx_word' id='word_1_39' title='bbox 719 953 979 1030; x_wconf 91' lang='lat' dir='ltr'><strong>contemptibilis</strong></span> 
     </span>
     <span class='ocr_line' id='line_1_7' title="bbox 218 1052 979 1129; baseline -0.004 -16"><span class='ocrx_word' id='word_1_40' title='bbox 218 1062 250 1113; x_wconf 91' lang='lat' dir='ltr'><strong>et</strong></span> <span class='ocrx_word' id='word_1_41' title='bbox 271 1070 375 1129; x_wconf 90' lang='lat' dir='ltr'><strong>paene</strong></span> <span class='ocrx_word' id='word_1_42' title='bbox 399 1052 666 1129; x_wconf 87' lang='lat' dir='ltr'><strong>incognoscibilis</strong></span> <span class='ocrx_word' id='word_1_43' title='bbox 695 1052 812 1112; x_wconf 88' lang='lat' dir='ltr'><strong>effecta</strong></span> <span class='ocrx_word' id='word_1_44' title='bbox 841 1061 979 1127; x_wconf 92' lang='lat' dir='ltr'><strong>propter</strong></span> 
     </span>
     <span class='ocr_line' id='line_1_8' title="bbox 218 1148 1038 1226; baseline 0.002 -16"><span class='ocrx_word' id='word_1_45' title='bbox 218 1150 385 1210; x_wconf 91' lang='lat' dir='ltr'><strong>immunda</strong></span> <span class='ocrx_word' id='word_1_46' title='bbox 406 1159 500 1226; x_wconf 88' lang='lat' dir='ltr'><strong>sputa</strong></span> <span class='ocrx_word' id='word_1_47' title='bbox 521 1159 553 1210; x_wconf 93' lang='lat' dir='ltr'><strong>et</strong></span> <span class='ocrx_word' id='word_1_48' title='bbox 572 1149 698 1209; x_wconf 91' lang='lat' dir='ltr'><strong>validos</strong></span> <span class='ocrx_word' id='word_1_49' title='bbox 720 1148 977 1224; x_wconf 82' lang='lat' dir='ltr'><strong>percutientium</strong></span> <span class='ocrx_word' id='word_1_50' title='bbox 1037 1179 1038 1212; x_wconf 83' lang='grc'>;</span> 
     </span>
     <span class='ocr_line' id='line_1_9' title="bbox 218 1247 978 1322; baseline -0.004 -14"><span class='ocrx_word' id='word_1_51' title='bbox 218 1249 301 1309; x_wconf 91' lang='lat' dir='ltr'><strong>ictus</strong></span> <span class='ocrx_word' id='word_1_52' title='bbox 323 1266 360 1307; x_wconf 89' lang='lat' dir='ltr'><strong>ac</strong></span> <span class='ocrx_word' id='word_1_53' title='bbox 382 1247 611 1308; x_wconf 91' lang='lat' dir='ltr'><strong>irreverendos</strong></span> <span class='ocrx_word' id='word_1_54' title='bbox 638 1247 827 1322; x_wconf 89' lang='lat' dir='ltr'><strong>capillorum</strong></span> <span class='ocrx_word' id='word_1_55' title='bbox 850 1255 978 1306; x_wconf 88' lang='lat' dir='ltr'><strong>tractus</strong></span> 
     </span>
     <span class='ocr_line' id='line_1_10' title="bbox 217 1343 977 1420; baseline -0.005 -14"><span class='ocrx_word' id='word_1_56' title='bbox 217 1363 291 1406; x_wconf 91' lang='lat' dir='ltr'><strong>cum</strong></span> <span class='ocrx_word' id='word_1_57' title='bbox 314 1346 476 1407; x_wconf 89' lang='lat' dir='ltr'><strong>velatione</strong></span> <span class='ocrx_word' id='word_1_58' title='bbox 499 1345 704 1406; x_wconf 89' lang='lat' dir='ltr'><strong>illudentium</strong></span> <span class='ocrx_word' id='word_1_59' title='bbox 721 1355 753 1405; x_wconf 89' lang='lat' dir='ltr'><strong>et</strong></span> <span class='ocrx_word' id='word_1_60' title='bbox 768 1344 868 1404; x_wconf 89' lang='lat' dir='ltr'><strong>multa</strong></span> <span class='ocrx_word' id='word_1_61' title='bbox 882 1343 977 1420; x_wconf 89' lang='lat' dir='ltr'><strong>igno-</strong></span> 
     </span>
     <span class='ocr_line' id='line_1_11' title="bbox 184 1441 977 1520; baseline 0.001 -22"><span class='ocrx_word' id='word_1_62' title='bbox 184 1444 357 1504; x_wconf 85' lang='lat' dir='ltr'><strong>tominiosa</strong></span> <span class='ocrx_word' id='word_1_63' title='bbox 372 1444 428 1504; x_wconf 92' lang='lat' dir='ltr'><strong>tibi</strong></span> <span class='ocrx_word' id='word_1_64' title='bbox 451 1443 751 1520; x_wconf 84' lang='lat' dir='ltr'><strong>improperantium.</strong></span> <span class='ocrx_word' id='word_1_65' title='bbox 782 1441 810 1503; x_wconf 93' lang='grc' dir='ltr'>Ο</span> <span class='ocrx_word' id='word_1_66' title='bbox 831 1441 977 1517; x_wconf 86' lang='lat' dir='ltr'><strong>gloriosa</strong></span> 
     </span>
     <span class='ocr_line' id='line_1_12' title="bbox 218 1539 976 1617; baseline -0.003 -16"><span class='ocrx_word' id='word_1_67' title='bbox 218 1542 319 1601; x_wconf 91' lang='lat' dir='ltr'><strong>facies</strong></span> <span class='ocrx_word' id='word_1_68' title='bbox 343 1541 403 1601; x_wconf 90' lang='lat' dir='ltr'><strong>Dei</strong></span> <span class='ocrx_word' id='word_1_69' title='bbox 426 1541 508 1616; x_wconf 89' lang='lat' dir='ltr'><strong>mei,</strong></span> <span class='ocrx_word' id='word_1_70' title='bbox 536 1557 632 1617; x_wconf 89' lang='lat' dir='ltr'><strong>quam</strong></span> <span class='ocrx_word' id='word_1_71' title='bbox 655 1540 760 1617; x_wconf 83' lang='lat' dir='ltr'><strong>angeli</strong></span> <span class='ocrx_word' id='word_1_72' title='bbox 783 1540 895 1600; x_wconf 88' lang='lat' dir='ltr'><strong>videre</strong></span> <span class='ocrx_word' id='word_1_73' title='bbox 919 1539 976 1599; x_wconf 88' lang='lat' dir='ltr'><strong>de·</strong></span> 
     </span>
     <span class='ocr_line' id='line_1_13' title="bbox 217 1637 976 1715; baseline -0.005 -15"><span class='ocrx_word' id='word_1_74' title='bbox 217 1639 371 1713; x_wconf 86' lang='lat' dir='ltr'><strong>siderant,</strong></span> <span class='ocrx_word' id='word_1_75' title='bbox 393 1649 425 1699; x_wconf 93' lang='lat' dir='ltr'><strong>et</strong></span> <span class='ocrx_word' id='word_1_76' title='bbox 447 1655 530 1715; x_wconf 87' lang='lat' dir='ltr'><strong>quae</strong></span> <span class='ocrx_word' id='word_1_77' title='bbox 545 1638 636 1715; x_wconf 91' lang='lat' dir='ltr'><strong>prius</strong></span> <span class='ocrx_word' id='word_1_78' title='bbox 656 1638 851 1715; x_wconf 86' lang='lat' dir='ltr'><strong>quandoque</strong></span> <span class='ocrx_word' id='word_1_79' title='bbox 874 1637 976 1697; x_wconf 92' lang='lat' dir='ltr'><strong>reful-</strong></span> 
     </span>
     <span class='ocr_line' id='line_1_14' title="bbox 217 1735 976 1811; baseline -0.005 -14"><span class='ocrx_word' id='word_1_80' title='bbox 217 1737 288 1797; x_wconf 86' lang='lat' dir='ltr'><strong>sisti</strong></span> <span class='ocrx_word' id='word_1_81' title='bbox 312 1736 344 1795; x_wconf 93' lang='lat' dir='ltr'><strong>in</strong></span> <span class='ocrx_word' id='word_1_82' title='bbox 367 1746 477 1797; x_wconf 93' lang='lat' dir='ltr'><strong>monte</strong></span> <span class='ocrx_word' id='word_1_83' title='bbox 499 1735 629 1796; x_wconf 87' lang='lat' dir='ltr'><strong>Thabor</strong></span> <span class='ocrx_word' id='word_1_84' title='bbox 657 1746 691 1797; x_wconf 96' lang='lat' dir='ltr'><strong>ut</strong></span> <span class='ocrx_word' id='word_1_85' title='bbox 712 1736 779 1809; x_wconf 89' lang='lat' dir='ltr'><strong>sol,</strong></span> <span class='ocrx_word' id='word_1_86' title='bbox 808 1735 976 1811; x_wconf 91' lang='lat' dir='ltr'><strong>quomodo</strong></span> 
     </span>
     <span class='ocr_line' id='line_1_15' title="bbox 217 1795 1038 1911; baseline -0.005 -17"><span class='ocrx_word' id='word_1_87' title='bbox 217 1851 305 1894; x_wconf 88' lang='lat' dir='ltr'><strong>nunc</strong></span> <span class='ocrx_word' id='word_1_88' title='bbox 327 1833 374 1893; x_wconf 92' lang='lat' dir='ltr'><strong>sic</strong></span> <span class='ocrx_word' id='word_1_89' title='bbox 398 1834 563 1911; x_wconf 83' lang='lat' dir='ltr'><strong>denigrata</strong></span> <span class='ocrx_word' id='word_1_90' title='bbox 585 1850 631 1908; x_wconf 92' lang='lat' dir='ltr'><strong>es,</strong></span> <span class='ocrx_word' id='word_1_91' title='bbox 653 1843 687 1893; x_wconf 97' lang='lat' dir='ltr'><strong>ut</strong></span> <span class='ocrx_word' id='word_1_92' title='bbox 709 1834 798 1894; x_wconf 91' lang='lat' dir='ltr'><strong>nulla</strong></span> <span class='ocrx_word' id='word_1_93' title='bbox 820 1834 852 1893; x_wconf 92' lang='lat' dir='ltr'><strong>in</strong></span> <span class='ocrx_word' id='word_1_94' title='bbox 870 1842 901 1893; x_wconf 92' lang='lat' dir='ltr'><strong>te</strong></span> <span class='ocrx_word' id='word_1_95' title='bbox 919 1851 975 1909; x_wconf 92' lang='lat' dir='ltr'><strong>ap·</strong></span> <span class='ocrx_word' id='word_1_96' title='bbox 1037 1795 1038 1890; x_wconf 69' lang='lat' dir='ltr'><strong>f</strong></span> 
     </span>
     <span class='ocr_line' id='line_1_16' title="bbox 183 1931 975 2010; baseline 0.004 -22"><span class='ocrx_word' id='word_1_97' title='bbox 183 1942 326 2010; x_wconf 82' lang='lat' dir='ltr'><strong>rspareat</strong></span> <span class='ocrx_word' id='word_1_98' title='bbox 346 1933 475 2008; x_wconf 90' lang='lat' dir='ltr'><strong>species</strong></span> <span class='ocrx_word' id='word_1_99' title='bbox 489 1949 596 2008; x_wconf 89' lang='lat' dir='ltr'><strong>neque</strong></span> <span class='ocrx_word' id='word_1_100' title='bbox 611 1931 737 1992; x_wconf 78' lang='lat' dir='ltr'><strong>decor?</strong></span> <span class='ocrx_word' id='word_1_101' title='bbox 766 1931 903 2006; x_wconf 90' lang='lat' dir='ltr'><strong>Propter</strong></span> <span class='ocrx_word' id='word_1_102' title='bbox 919 1948 975 1991; x_wconf 92' lang='lat' dir='ltr'><strong>me</strong></span> 
     </span>
     <span class='ocr_line' id='line_1_17' title="bbox 217 2028 976 2107; baseline -0.004 -16"><span class='ocrx_word' id='word_1_103' title='bbox 217 2031 383 2107; x_wconf 88' lang='lat' dir='ltr'><strong>denigrata</strong></span> <span class='ocrx_word' id='word_1_104' title='bbox 411 2047 447 2089; x_wconf 90' lang='lat' dir='ltr'><strong>es</strong></span> <span class='ocrx_word' id='word_1_105' title='bbox 469 2029 580 2090; x_wconf 86' lang='lat' dir='ltr'><strong>inclita</strong></span> <span class='ocrx_word' id='word_1_106' title='bbox 602 2029 662 2089; x_wconf 89' lang='lat' dir='ltr'><strong>Dei</strong></span> <span class='ocrx_word' id='word_1_107' title='bbox 686 2028 787 2089; x_wconf 92' lang='lat' dir='ltr'><strong>facies</strong></span> <span class='ocrx_word' id='word_1_108' title='bbox 809 2028 842 2087; x_wconf 93' lang='lat' dir='ltr'><strong>in</strong></span> <span class='ocrx_word' id='word_1_109' title='bbox 865 2028 976 2104; x_wconf 76' lang='lat' dir='ltr'><strong>terriS,</strong></span> 
     </span>
     <span class='ocr_line' id='line_1_18' title="bbox 217 2125 973 2204; baseline 0 -17"><span class='ocrx_word' id='word_1_110' title='bbox 217 2137 252 2188; x_wconf 90' lang='lat' dir='ltr'><strong>ut</strong></span> <span class='ocrx_word' id='word_1_111' title='bbox 274 2127 390 2204; x_wconf 84' lang='lat' dir='ltr'><strong>dignus</strong></span> <span class='ocrx_word' id='word_1_112' title='bbox 412 2126 563 2187; x_wconf 88' lang='lat' dir='ltr'><strong>efficerer</strong></span> <span class='ocrx_word' id='word_1_113' title='bbox 586 2125 797 2202; x_wconf 91' lang='lat' dir='ltr'><strong>contemplari</strong></span> <span class='ocrx_word' id='word_1_114' title='bbox 827 2126 973 2187; x_wconf 87' lang='lat' dir='ltr'><strong>divinam</strong></span> 
     </span>
     <span class='ocr_line' id='line_1_19' title="bbox 218 2224 976 2301; baseline 0.001 -17"><span class='ocrx_word' id='word_1_115' title='bbox 218 2224 333 2285; x_wconf 89' lang='lat' dir='ltr'><strong>faciem</strong></span> <span class='ocrx_word' id='word_1_116' title='bbox 356 2233 443 2284; x_wconf 93' lang='lat' dir='ltr'><strong>tuam</strong></span> <span class='ocrx_word' id='word_1_117' title='bbox 473 2224 506 2283; x_wconf 95' lang='lat' dir='ltr'><strong>in</strong></span> <span class='ocrx_word' id='word_1_118' title='bbox 529 2224 638 2284; x_wconf 84' lang='lat' dir='ltr'><strong>caelis.</strong></span> <span class='ocrx_word' id='word_1_119' title='bbox 681 2224 765 2301; x_wconf 88' lang='lat' dir='ltr'><strong>Ergo</strong></span> <span class='ocrx_word' id='word_1_120' title='bbox 793 2225 848 2284; x_wconf 90' lang='lat' dir='ltr'><strong>illa</strong></span> <span class='ocrx_word' id='word_1_121' title='bbox 878 2225 976 2285; x_wconf 88' lang='lat' dir='ltr'><strong>foeda</strong></span> 
     </span>
     <span class='ocr_line' id='line_1_20' title="bbox 217 2321 976 2399; baseline 0.004 -18"><span class='ocrx_word' id='word_1_122' title='bbox 217 2322 388 2398; x_wconf 91' lang='lat' dir='ltr'><strong>consputio</strong></span> <span class='ocrx_word' id='word_1_123' title='bbox 418 2321 553 2382; x_wconf 93' lang='lat' dir='ltr'><strong>formosi</strong></span> <span class='ocrx_word' id='word_1_124' title='bbox 582 2323 692 2382; x_wconf 91' lang='lat' dir='ltr'><strong>vultus</strong></span> <span class='ocrx_word' id='word_1_125' title='bbox 720 2323 784 2399; x_wconf 90' lang='lat' dir='ltr'><strong>tui,</strong></span> <span class='ocrx_word' id='word_1_126' title='bbox 813 2325 920 2383; x_wconf 90' lang='lat' dir='ltr'><strong>lotura</strong></span> <span class='ocrx_word' id='word_1_127' title='bbox 943 2334 976 2385; x_wconf 92' lang='lat' dir='ltr'><strong>et</strong></span> 
     </span>
     <span class='ocr_line' id='line_1_21' title="bbox 179 2421 973 2505; baseline 0.008 -27"><span class='ocrx_word' id='word_1_128' title='bbox 179 2437 206 2478; x_wconf 86' lang='lat' dir='ltr'><strong>ao</strong></span> <span class='ocrx_word' id='word_1_129' title='bbox 216 2421 363 2497; x_wconf 87' lang='lat' dir='ltr'><strong>purgatio</strong></span> <span class='ocrx_word' id='word_1_130' title='bbox 382 2421 465 2480; x_wconf 90' lang='lat' dir='ltr'><strong>facta</strong></span> <span class='ocrx_word' id='word_1_131' title='bbox 480 2429 530 2481; x_wconf 90' lang='lat' dir='ltr'><strong>est</strong></span> <span class='ocrx_word' id='word_1_132' title='bbox 546 2421 709 2482; x_wconf 83' lang='lat' dir='ltr'><strong>foeditatis</strong></span> <span class='ocrx_word' id='word_1_133' title='bbox 724 2422 852 2481; x_wconf 90' lang='lat' dir='ltr'><strong>animae</strong></span> <span class='ocrx_word' id='word_1_134' title='bbox 865 2439 973 2505; x_wconf 89' lang='lat' dir='ltr'><strong>meae.</strong></span> 
     </span>
     <span class='ocr_line' id='line_1_22' title="bbox 217 2517 974 2596; baseline 0.004 -19"><span class='ocrx_word' id='word_1_135' title='bbox 217 2518 355 2594; x_wconf 90' lang='lat' dir='ltr'><strong>Insuper</strong></span> <span class='ocrx_word' id='word_1_136' title='bbox 377 2528 409 2578; x_wconf 90' lang='lat' dir='ltr'><strong>et</strong></span> <span class='ocrx_word' id='word_1_137' title='bbox 430 2517 555 2594; x_wconf 84' lang='lat' dir='ltr'><strong>omnia,</strong></span> <span class='ocrx_word' id='word_1_138' title='bbox 584 2536 668 2595; x_wconf 91' lang='lat' dir='ltr'><strong>quae</strong></span> <span class='ocrx_word' id='word_1_139' title='bbox 689 2537 808 2595; x_wconf 89' lang='lat' dir='ltr'><strong>passus</strong></span> <span class='ocrx_word' id='word_1_140' title='bbox 830 2537 884 2596; x_wconf 85' lang='lat' dir='ltr'><strong>es,</strong></span> <span class='ocrx_word' id='word_1_141' title='bbox 914 2537 974 2596; x_wconf 89' lang='lat' dir='ltr'><strong>pro</strong></span> 
     </span>
     <span class='ocr_line' id='line_1_23' title="bbox 215 2615 974 2694; baseline 0.004 -18"><span class='ocrx_word' id='word_1_142' title='bbox 215 2633 289 2676; x_wconf 97' lang='lat' dir='ltr'><strong>mea</strong></span> <span class='ocrx_word' id='word_1_143' title='bbox 314 2615 537 2676; x_wconf 84' lang='lat' dir='ltr'><strong>satisfactione</strong></span> <span class='ocrx_word' id='word_1_144' title='bbox 566 2626 598 2676; x_wconf 97' lang='lat' dir='ltr'><strong>et</strong></span> <span class='ocrx_word' id='word_1_145' title='bbox 627 2616 852 2692; x_wconf 90' lang='lat' dir='ltr'><strong>redemptione</strong></span> <span class='ocrx_word' id='word_1_146' title='bbox 880 2628 974 2694; x_wconf 87' lang='lat' dir='ltr'><strong>gesta</strong></span> 
     </span>
     <span class='ocr_line' id='line_1_24' title="bbox 215 2713 973 2800; baseline 0.004 -27"><span class='ocrx_word' id='word_1_147' title='bbox 215 2723 300 2774; x_wconf 92' lang='lat' dir='ltr'><strong>sunt.</strong></span> <span class='ocrx_word' id='word_1_148' title='bbox 343 2713 411 2773; x_wconf 87' lang='lat' dir='ltr'><strong>Erit</strong></span> <span class='ocrx_word' id='word_1_149' title='bbox 432 2713 541 2790; x_wconf 89' lang='lat' dir='ltr'><strong>itaque</strong></span> <span class='ocrx_word' id='word_1_150' title='bbox 564 2731 692 2800; x_wconf 73' lang='lat' dir='ltr'><strong>summa</strong></span> <span class='ocrx_word' id='word_1_151' title='bbox 715 2714 875 2790; x_wconf 87' lang='lat' dir='ltr'><strong>sapientia</strong></span> <span class='ocrx_word' id='word_1_152' title='bbox 898 2733 973 2776; x_wconf 89' lang='lat' dir='ltr'><strong>mea</strong></span> 
     </span>
     <span class='ocr_line' id='line_1_25' title="bbox 214 2810 972 2889; baseline 0.003 -18"><span class='ocrx_word' id='word_1_153' title='bbox 214 2811 276 2871; x_wconf 90' lang='lat' dir='ltr'><strong>ista</strong></span> <span class='ocrx_word' id='word_1_154' title='bbox 287 2811 434 2871; x_wconf 90' lang='lat' dir='ltr'><strong>meditari</strong></span> <span class='ocrx_word' id='word_1_155' title='bbox 448 2819 480 2871; x_wconf 89' lang='lat' dir='ltr'><strong>et</strong></span> <span class='ocrx_word' id='word_1_156' title='bbox 491 2810 685 2887; x_wconf 88' lang='lat' dir='ltr'><strong>configurari</strong></span> <span class='ocrx_word' id='word_1_157' title='bbox 702 2812 734 2871; x_wconf 92' lang='lat' dir='ltr'><strong>in</strong></span> <span class='ocrx_word' id='word_1_158' title='bbox 751 2829 848 2872; x_wconf 90' lang='lat' dir='ltr'><strong>carne</strong></span> <span class='ocrx_word' id='word_1_159' title='bbox 863 2830 972 2889; x_wconf 91' lang='lat' dir='ltr'><strong>passo.</strong></span> 
     </span>
     <span class='ocr_line' id='line_1_26' title="bbox 178 2907 972 2986; baseline 0.008 -19"><span class='ocrx_word' id='word_1_160' title='bbox 178 2907 403 2984; x_wconf 78' lang='lat' dir='ltr'><strong>asExpoliatus</strong></span> <span class='ocrx_word' id='word_1_161' title='bbox 424 2926 461 2968; x_wconf 88' lang='lat' dir='ltr'><strong>es</strong></span> <span class='ocrx_word' id='word_1_162' title='bbox 485 2909 645 2970; x_wconf 92' lang='lat' dir='ltr'><strong>Conditor</strong></span> <span class='ocrx_word' id='word_1_163' title='bbox 667 2909 756 2970; x_wconf 92' lang='lat' dir='ltr'><strong>orbis</strong></span> <span class='ocrx_word' id='word_1_164' title='bbox 782 2921 906 2986; x_wconf 85' lang='lat' dir='ltr'><strong>terrae,</strong></span> <span class='ocrx_word' id='word_1_165' title='bbox 936 2923 972 2973; x_wconf 91' lang='lat' dir='ltr'><strong>ut</strong></span> 
     </span>
     <span class='ocr_line' id='line_1_27' title="bbox 214 3006 970 3084; baseline 0.008 -20"><span class='ocrx_word' id='word_1_166' title='bbox 214 3022 273 3081; x_wconf 85' lang='lat' dir='ltr'><strong>ego</strong></span> <span class='ocrx_word' id='word_1_167' title='bbox 284 3006 490 3066; x_wconf 90' lang='lat' dir='ltr'><strong>vestimentis</strong></span> <span class='ocrx_word' id='word_1_168' title='bbox 505 3007 660 3067; x_wconf 90' lang='lat' dir='ltr'><strong>induerer</strong></span> <span class='ocrx_word' id='word_1_169' title='bbox 672 3008 828 3083; x_wconf 92' lang='lat' dir='ltr'><strong>perennis</strong></span> <span class='ocrx_word' id='word_1_170' title='bbox 837 3010 970 3084; x_wconf 87' lang='lat' dir='ltr'><strong>gloriae.</strong></span> 
     </span>
     <span class='ocr_line' id='line_1_28' title="bbox 215 3104 969 3184; baseline 0.007 -21"><span class='ocrx_word' id='word_1_171' title='bbox 215 3104 406 3163; x_wconf 89' lang='lat' dir='ltr'><strong>Denudatus</strong></span> <span class='ocrx_word' id='word_1_172' title='bbox 429 3121 482 3178; x_wconf 78' lang='lat' dir='ltr'><strong>e8‚</strong></span> <span class='ocrx_word' id='word_1_173' title='bbox 511 3113 546 3164; x_wconf 93' lang='lat' dir='ltr'><strong>ut</strong></span> <span class='ocrx_word' id='word_1_174' title='bbox 567 3121 620 3163; x_wconf 92' lang='lat' dir='ltr'><strong>me</strong></span> <span class='ocrx_word' id='word_1_175' title='bbox 642 3105 680 3163; x_wconf 89' lang='lat' dir='ltr'><strong>ab</strong></span> <span class='ocrx_word' id='word_1_176' title='bbox 704 3106 856 3166; x_wconf 91' lang='lat' dir='ltr'><strong>omnibus</strong></span> <span class='ocrx_word' id='word_1_177' title='bbox 886 3125 969 3184; x_wconf 88' lang='lat' dir='ltr'><strong>quae</strong></span> 
     </span>
     <span class='ocr_line' id='line_1_29' title="bbox 213 3201 968 3265; baseline 0.005 -5"><span class='ocrx_word' id='word_1_178' title='bbox 213 3202 324 3262; x_wconf 91' lang='lat' dir='ltr'><strong>mundi</strong></span> <span class='ocrx_word' id='word_1_179' title='bbox 354 3201 453 3261; x_wconf 91' lang='lat' dir='ltr'><strong>huius</strong></span> <span class='ocrx_word' id='word_1_180' title='bbox 482 3211 559 3262; x_wconf 90' lang='lat' dir='ltr'><strong>sunt</strong></span> <span class='ocrx_word' id='word_1_181' title='bbox 587 3202 744 3263; x_wconf 89' lang='lat' dir='ltr'><strong>nudarem</strong></span> <span class='ocrx_word' id='word_1_182' title='bbox 774 3213 806 3264; x_wconf 90' lang='lat' dir='ltr'><strong>et</strong></span> <span class='ocrx_word' id='word_1_183' title='bbox 833 3212 866 3264; x_wconf 88' lang='lat' dir='ltr'><strong>te</strong></span> <span class='ocrx_word' id='word_1_184' title='bbox 896 3205 968 3265; x_wconf 91' lang='lat' dir='ltr'><strong>sine</strong></span> 
     </span>
     <span class='ocr_line' id='line_1_30' title="bbox 214 3300 967 3377; baseline 0.004 -17"><span class='ocrx_word' id='word_1_185' title='bbox 214 3300 430 3360; x_wconf 84' lang='lat' dir='ltr'><strong>retardatione</strong></span> <span class='ocrx_word' id='word_1_186' title='bbox 452 3316 619 3376; x_wconf 87' lang='lat' dir='ltr'><strong>sequerer.</strong></span> <span class='ocrx_word' id='word_1_187' title='bbox 649 3300 770 3361; x_wconf 88' lang='lat' dir='ltr'><strong>illusus</strong></span> <span class='ocrx_word' id='word_1_188' title='bbox 792 3319 838 3377; x_wconf 73' lang='grc' dir='ltr'><strong>οε,</strong></span> <span class='ocrx_word' id='word_1_189' title='bbox 860 3311 896 3361; x_wconf 87' lang='lat' dir='ltr'><strong>ut</strong></span> <span class='ocrx_word' id='word_1_190' title='bbox 915 3320 967 3363; x_wconf 92' lang='lat' dir='ltr'><strong>me</strong></span> 
     </span>
     <span class='ocr_line' id='line_1_31' title="bbox 177 3397 967 3475; baseline 0.004 -18"><span class='ocrx_word' id='word_1_191' title='bbox 177 3398 251 3457; x_wconf 81' lang='lat' dir='ltr'><strong>soah</strong></span> <span class='ocrx_word' id='word_1_192' title='bbox 280 3398 433 3457; x_wconf 91' lang='lat' dir='ltr'><strong>illusione</strong></span> <span class='ocrx_word' id='word_1_193' title='bbox 463 3397 657 3457; x_wconf 89' lang='lat' dir='ltr'><strong>daemonum</strong></span> <span class='ocrx_word' id='word_1_194' title='bbox 681 3399 836 3475; x_wconf 82' lang='lat' dir='ltr'><strong>eriperes</strong></span> <span class='ocrx_word' id='word_1_195' title='bbox 880 3399 967 3460; x_wconf 92' lang='lat' dir='ltr'><strong>Con-</strong></span> 
     </span>
    </p>
   </div>
   <div class='ocr_carea' id='block_1_3' title="bbox 213 3495 966 3642">
    <p class='ocr_par' dir='ltr' id='par_1_3' title="bbox 213 3495 966 3642">
     <span class='ocr_line' id='line_1_32' title="bbox 213 3495 966 3569; baseline 0.008 -17"><span class='ocrx_word' id='word_1_196' title='bbox 213 3502 355 3569; x_wconf 70' lang='lat' dir='ltr'><strong>tempqu</strong></span> <span class='ocrx_word' id='word_1_197' title='bbox 377 3511 430 3569; x_wconf 75' lang='lat'><strong>08,</strong></span> <span class='ocrx_word' id='word_1_198' title='bbox 459 3504 493 3555; x_wconf 67' lang='lat' dir='ltr'><strong>ut</strong></span> <span class='ocrx_word' id='word_1_199' title='bbox 514 3513 567 3555; x_wconf 88' lang='lat' dir='ltr'><strong>me</strong></span> <span class='ocrx_word' id='word_1_200' title='bbox 597 3495 734 3556; x_wconf 76' lang='lat' dir='ltr'><strong>doceres</strong></span> <span class='ocrx_word' id='word_1_201' title='bbox 760 3514 869 3558; x_wconf 70' lang='lat' dir='ltr'><strong>amare</strong></span> <span class='ocrx_word' id='word_1_202' title='bbox 892 3515 966 3558; x_wconf 89' lang='lat' dir='ltr'><strong>con·</strong></span> 
     </span>
     <span class='ocr_line' id='line_1_33' title="bbox 568 3601 609 3642; baseline 0 0"><span class='ocrx_word' id='word_1_203' title='bbox 568 3601 609 3642; x_wconf 76' lang='lat'><strong>³48</strong></span> 
     </span>
    </p>
   </div>
   <div class='ocr_carea' id='block_1_4' title="bbox 0 0 1064 4186">
    <p class='ocr_par' dir='ltr' id='par_1_4' title="bbox 0 0 1064 4186">
     <span class='ocr_line' id='line_1_34' title="bbox 0 0 1064 4186; baseline 0 2"><span class='ocrx_word' id='word_1_204' title='bbox 0 0 1064 4186; x_wconf 95' lang='lat' dir='ltr'><strong> </strong></span> 
     </span>
    </p>
   </div>
  </div>
 </body>
</html>
