2144 4194
64 473 394 526 mmmm
440 474 471 525 [3]
512 471 830 525 mmmm

68 604 184 666 festas.
226 607 263 666 ln
291 608 355 666 hoc
386 606 470 666 lesto
492 606 683 682 aperiuntur
703 606 831 666 tabulae

67 703 183 763 altaris
209 713 240 764 et
263 713 452 765 sanctorum
474 704 632 781 reliquiae
655 703 831 764 ostendun-

67 809 144 876 tur3
163 801 239 877 quia
260 801 338 860 huic
360 801 479 861 amanti
499 801 628 862 animae
642 801 831 861 abscondita

68 899 307 975 scripturarum
330 899 532 974 panduntur:
557 909 589 960 et
610 910 738 960 secreta
760 916 830 958 cae·

68 997 164 1056 lestis
186 995 321 1072 patriae,
343 1007 529 1058 sanctorum
552 1006 666 1073 status,
688 1015 724 1058 ac
740 1011 853 1074 prae-⁵

68 1094 137 1154 mia
157 1104 293 1155 aeterna
314 1111 372 1171 pro
392 1095 526 1172 speciali
543 1095 766 1156 consolatione
782 1111 830 1155 re-

67 1192 230 1251 velantur.

111 1288 141 1350 Ο
164 1305 320 1366 magnum
343 1298 374 1349 et
396 1289 575 1349 iucundum
598 1289 735 1350 festum:
764 1307 830 1349 non

68 1388 225 1448 omnibus
247 1387 306 1447 sed
325 1387 439 1463 paucis
453 1388 493 1447 ad
508 1387 739 1448 celebrandum
755 1404 831 1447 con-

68 1502 213 1546 cessum.
259 1485 366 1562 Quam
396 1485 491 1562 longe
517 1495 595 1545 sunt
616 1487 697 1546 haec
719 1494 867 1546 sanctulo

69 1583 215 1642 celebria
243 1600 261 1642 a
285 1583 496 1643 dilectoribus
525 1584 655 1660 mundi3
684 1584 738 1661 qui
767 1594 831 1645 ter·

67 1696 150 1739 rena
170 1688 297 1740 tantum
313 1680 460 1756 sapiunt:
483 1691 515 1741 et
529 1681 569 1740 ad
584 1682 655 1741 sola
669 1682 832 1743 exteriora

69 1777 263 1853 respiciunt.
311 1777 452 1838 Stultum
482 1788 532 1838 est
560 1779 642 1856 illis,
670 1791 702 1841 et
729 1798 831 1858 prope

67 1875 165 1936 nihili
182 1892 259 1936 esse
274 1875 419 1935 videtur:
442 1876 590 1953 quitquid
607 1878 750 1938 exterius
765 1895 831 1938 non

68 1971 184 2050 fulget.
237 1972 400 2034 Mirantur
439 1975 632 2051 plerumque
667 1976 830 2052 quomodo
842 1992 867 2034 15

66 2072 145 2132 boni
163 2071 235 2132 Deo
257 2089 375 2132 vacare
397 2081 546 2148 possunt,
567 2082 599 2133 et
622 2091 640 2133 a
660 2075 830 2151 voluptati-

65 2168 130 2229 bus
145 2169 256 2230 carnis
271 2170 454 2246 abstinere3
476 2170 552 2246 quia
567 2171 716 2248 ignorant
731 2190 830 2249 quan·

65 2275 132 2327 tarn
163 2267 253 2327 intus
282 2267 540 2328 consolationem
570 2268 705 2344 spiritus
734 2271 830 2330 habet

67 2373 100 2423 et
128 2364 294 2424 sentiunt:
324 2365 378 2441 qui
403 2382 461 2441 pro
484 2382 595 2426 amore
618 2367 678 2427 Dei
702 2368 830 2428 cunctis

66 2462 291 2538 voluptatibus
313 2462 488 2522 mundanis
508 2464 704 2526 renuntiant.
737 2465 866 2542 Igno-2⁰

66 2569 140 2618 rant
162 2569 272 2619 autern
294 2561 376 2620 tales
398 2571 430 2620 et
449 2572 574 2621 errant:
597 2562 652 2638 qui
668 2563 738 2622 sola
752 2563 829 2622 visi·

65 2657 146 2717 bilia
166 2667 352 2733 sequuntur
374 2667 405 2718 et
428 2657 575 2735 diligunt.

107 2755 175 2816 Sed
205 2755 334 2831 quando
362 2756 524 2814 sollemne
553 2756 680 2817 animae
708 2757 828 2817 festum

67 2853 202 2931 agitur?
243 2853 373 2914 Vtinam
403 2854 446 2914 sit
474 2854 529 2930 qui
555 2853 639 2913 dicat
661 2864 693 2914 et
715 2854 754 2913 ad
776 2870 829 2914 me

66 2950 244 3026 pervenire
276 2950 389 3027 laciat3
425 2951 453 3010 si
489 2961 598 3012 tamen
630 2951 692 3011 dici
724 2951 866 3011 valeataa

66 3050 155 3126 quod
178 3058 243 3108 tam
266 3049 366 3109 altum
390 3060 439 3110 est
461 3058 493 3110 et
515 3058 696 3109 secretum:
726 3057 761 3107 ut
789 3047 828 3107 ab

66 3146 223 3207 omnibus
251 3147 522 3222 praecedentibus
551 3145 693 3206 motibus
715 3145 757 3205 sit
780 3162 828 3205 re·

66 3253 204 3304 motum.
257 3243 290 3304 Si
323 3244 451 3320 quando
487 3244 601 3324 igitur·
620 3243 653 3302 in
689 3259 828 3303 excessu

67 3341 190 3401 mentis
212 3340 320 3401 anima
341 3342 462 3417 posita,
491 3359 552 3402 orn
565 3341 638 3400 niu
651 3359 682 3401 m
711 3359 731 3417 p
743 3358 829 3400 rae-

67 3438 253 3498 sentium
276 3448 314 3499 et
335 3439 399 3498 sui
423 3440 584 3515 paritet
605 3439 753 3513 oblita,
777 3455 865 3499 so·ao

68 3536 132 3596 lius
151 3535 214 3596 Dei
238 3552 364 3596 mernor
385 3536 537 3611 extiterit,
559 3545 655 3612 atque
677 3536 716 3595 ab
739 3535 826 3595 omni

439 3640 466 3682 ro
