2122 4196
56 458 95 508 652
127 457 297 500 MEDlTATIO
313 458 353 500 DE
369 456 601 500 lNCARNATlONE
617 455 741 500 CHRISTI
773 457 814 508 ἴς)

58 591 166 651 cordis
186 592 268 652 mei:
294 602 328 652 et
348 609 424 668 pars
446 608 518 652 mea
542 591 632 651 Deus
654 591 687 651 in
711 600 812 650 aeter-

57 704 145 747 num.
193 687 258 748 Sed
290 689 344 749 bic
375 706 467 749 amor
495 689 686 750 caelestium
715 698 812 765 atque

56 803 131 862 spes
162 787 344 848 futurorum
370 805 436 847 non
459 787 612 847 omnibus
634 787 754 847 inerat:
781 795 813 846 et

57 884 131 959 quid
156 885 240 945 inter
254 886 402 945 umbram
423 895 454 945 et
469 885 639 945 veritatem
656 884 812 958 differret,

57 982 147 1041 multi
178 983 385 1060 ignorabant3
421 983 525 1043 donec
557 983 597 1042 de
629 983 719 1042 caelo
750 997 835 1057 paxs

58 1096 132 1139 vera
155 1080 390 1140 descenderes:
413 1080 494 1140 etin
517 1081 600 1139 hanc
619 1079 730 1140 mundi
747 1080 812 1138 val-

58 1176 119 1236 lem
131 1195 189 1253 pro
201 1177 426 1238 illuminandis
442 1178 631 1237 hominibus
643 1176 812 1237 lesubone

59 1272 219 1336 introires.
264 1277 441 1353 Postquam
472 1293 548 1353 ergo
571 1275 707 1335 verbum
737 1290 812 1334 earo

58 1371 176 1433 lactum
191 1374 321 1451 legeris,
337 1385 433 1451 atque
448 1375 534 1434 inter
547 1374 701 1433 homines
711 1373 812 1434 Crea-

58 1479 104 1529 tor
124 1472 269 1532 hominis
291 1472 441 1548 dignatus
462 1489 499 1531 es
521 1487 694 1547 apparere3
726 1469 812 1546 quod
825 1486 849 1526 to

59 1568 203 1630 clausum
233 1570 288 1630 diu
312 1570 447 1646 latebat,
475 1568 678 1630 manifestari
700 1585 759 1644 per
781 1578 812 1627 te

60 1668 179 1743 coepit:
197 1677 229 1728 et
244 1669 331 1746 quod
346 1669 514 1729 intellectu
530 1667 675 1743 difficile,
691 1667 811 1726 iactum

59 1774 106 1824 est
127 1767 290 1843 capabile3
319 1777 350 1828 et
377 1766 463 1844 quod
486 1766 598 1826 'multis
620 1765 812 1826 incredibile

60 1862 235 1940 videbatur,
257 1881 298 1924 ex
317 1874 372 1925 tua
387 1864 518 1924 salutari
542 1863 726 1939 praesentia
741 1862 812 1922 red-

61 1959 166 2021 didisti
195 1961 341 2048 visibile:
373 1971 405 2022 et
433 1961 672 2038 quodammodo
704 1970 738 2020 ut
770 1959 848 2020 itan

63 2058 194 2119 dixerim
217 2060 368 2120 manibus
390 2059 559 2136 palpabile.

99 2157 249 2234 Denique
265 2159 424 2235 quaedam
440 2158 525 2218 sicut
540 2158 577 2217 ad
601 2157 740 2217 litteram
762 2173 812 2215 so·
846 2175 884 2207 ua

63 2267 134 2317 nant
156 2257 325 2317 humiliter
348 2257 507 2332 implesti:
538 2256 715 2315 ostendens
737 2254 813 2330 quia
823 2229 905 2313 Ξὲῗιῗνν-

62 2351 98 2410 de
119 2366 150 2414 te
173 2354 295 2430 scripta
316 2365 417 2416 erant.
453 2352 622 2430 Quaedam
645 2369 724 2413 vero
746 2369 811 2412 non
826 2335 902 2420 ἵνῗῖ

64 2448 239 2512 litteraliter
267 2452 466 2526 observasti,
495 2451 553 2510 sed
575 2451 614 2510 ad
637 2449 849 2527 mysticumao

63 2562 191 2610 sensum
208 2549 328 2609 melius
344 2551 511 2628 rettulisti3
527 2553 649 2612 docens
664 2566 730 2609 non
746 2566 812 2608 om·

63 2645 111 2706 nia
133 2649 172 2708 ad
198 2649 338 2709 litteram
368 2650 557 2726 accipienda
580 2650 812 2726 prophetarum

64 2759 131 2806 esse
143 2747 292 2806 oracula:
308 2763 391 2823 quae
406 2758 514 2808 tamen
527 2748 708 2808 secundum
719 2746 812 2822 spiri·

63 2846 176 2904 tualem
199 2844 402 2904 intellectum
425 2862 557 2920 semper
578 2845 668 2904 salva
690 2853 813 2903 suntet

63 2935 191 3018 integra.
235 2940 405 3018 Siquidem
435 2952 574 3003 testante
604 2941 813 3018 evangelista,
822 2959 849 3000 25

64 3035 240 3100 litteraliter
261 3040 342 3098 haee
364 3038 398 3098 in
420 3049 452 3099 te
472 3026 633 3116 completa
648 3050 698 3099 est
713 3040 813 3115 scrip·

63 3141 138 3211 tura,
159 3137 200 3197 de
223 3153 305 3214 agno
328 3138 482 3212 paschali.
513 3136 561 3197 Os
582 3155 648 3198 non
671 3136 813 3196 conirin·

64 3235 139 3306 getis
155 3251 195 3295 ex
215 3251 265 3294 eo.
298 3234 515 3310 Spiritualiter
530 3245 637 3296 autem
653 3236 715 3297 ista
730 3252 813 3312 quae

65 3329 143 3394 dicit.
179 3333 248 3393 Erit
269 3342 376 3392 autem
401 3350 502 3410 agnus
525 3333 647 3410 absque
670 3333 813 3392 macula:

66 3432 223 3492 masculus
255 3431 438 3491 anniculus.
491 3429 574 3490 Nam
606 3449 709 3507 agnus
740 3431 849 3490 sineao

66 3531 198 3589 macula:
222 3539 254 3588 te
277 3527 485 3589 innocentem
508 3529 665 3605 designat,
687 3537 718 3589 et
740 3528 812 3588 sine

422 3634 449 3675 aa
