2118 4186
82 448 411 502 &semmam
447 449 492 500 aa
525 447 846 500 mmasaaasaaaso

79 582 143 641 tis:
166 582 211 643 ita
232 581 395 658 inquiens
422 582 513 642 Vade
535 582 574 641 ad
598 581 714 642 iratres
736 598 844 641 meos:

79 688 115 738 et
147 678 200 738 dic
229 679 287 738 eis.
330 678 483 739 Ascendo
512 679 551 738 ad
580 679 708 739 Patrem
735 695 844 738 meum

78 787 113 836 et
149 777 279 837 Patrem
312 787 468 838 vestrum.
516 776 545 838 Ο
577 794 655 837 vere
687 778 782 838 dulce
814 788 846 837 et

79 876 229 936 caeleste
257 875 410 936 verbum:
440 874 561 934 laetitia
587 885 619 935 et
646 892 756 935 amore
779 877 845 950 pie-

77 990 174 1032 num.
219 973 306 1052 Quid
337 973 381 1032 ita
412 972 590 1033 iucundum
623 972 774 1032 fidelibus
806 973 867 1032 ads

79 1071 302 1146 audiendum,
338 1071 423 1130 sicut
459 1070 609 1130 ascensio
642 1069 773 1129 Domini
811 1070 843 1129 in

78 1167 230 1243 caelum;
259 1168 344 1228 sicut
369 1168 526 1229 transitus
549 1167 623 1228 Iesu
652 1168 691 1227 ad
715 1168 843 1228 Patrem

78 1266 121 1325 ad
149 1265 424 1341 interpellandum
450 1282 509 1341 pro
531 1265 643 1340 nobis,
672 1277 706 1327 ut
735 1265 843 1325 securi

78 1362 257 1422 veniamus
285 1363 324 1422 ad
354 1379 428 1422 eum
459 1380 556 1439 quem
581 1362 780 1423 offendimus
809 1363 842 1422 in

78 1459 224 1519 multis?
259 1460 345 1521 Cum
369 1460 456 1520 enim
479 1472 611 1536 peccata
626 1473 737 1522 nostra
752 1479 843 1538 sepa·
856 1478 880 1517 ιο

79 1569 155 1618 rant
177 1557 263 1618 inter
285 1575 345 1618 nos
368 1568 400 1617 et
423 1558 547 1633 Deum;
569 1560 733 1635 quomodo
755 1571 844 1636 pote-

79 1655 189 1715 rimus
212 1654 433 1730 reconciliari,
462 1655 525 1715 nisi
551 1673 609 1731 per
630 1657 841 1718 mediatorem

80 1754 194 1813 Iesum
219 1752 417 1814 Christum?
461 1752 523 1812 Per
545 1770 642 1829 quem
672 1772 842 1816 accessum

79 1853 243 1911 habemus
270 1851 309 1910 ad
333 1850 480 1925 Patrem,
509 1851 564 1926 qui
592 1869 649 1927 pro
672 1853 767 1913 nobis
789 1854 842 1913 de-

78 1949 185 2008 bitum
209 1948 307 2008 solvit
328 1958 553 2023 peccatorum:
583 1961 615 2010 et
641 1952 843 2027 praeparavit
854 1968 879 2007 ts

78 2047 193 2106 locum
229 2046 268 2105 ad
304 2046 500 2105 manendum
533 2062 646 2105 secum
678 2046 710 2106 in
743 2065 842 2124 regno

78 2143 259 2202 caelorum.
312 2143 465 2203 Ascendo
501 2144 606 2220 inquit
641 2145 680 2204 ad
714 2146 841 2206 Patrem

77 2257 192 2300 meum
223 2250 255 2300 et
285 2241 413 2301 Patrem
444 2250 600 2301 vestrum.
645 2242 843 2304 Omiranda

76 2337 224 2414 dignatio
241 2338 302 2397 Dei
325 2339 364 2398 ad
387 2338 541 2398 homines
563 2342 781 2416 pauperculos
803 2343 842 2401 ad

75 2434 260 2510 discipulos
292 2435 463 2512 fugitivos:
495 2437 534 2496 ad
567 2454 647 2497 oves
677 2439 878 2515 dispersasao

76 2543 110 2592 et
135 2532 167 2591 in
192 2533 420 2608 desperatione
436 2534 570 2610 positas.
604 2536 678 2595 Non
701 2537 842 2612 praefert

76 2647 204 2690 nomen
236 2631 400 2706 potentiae
432 2649 530 2707 suae,
561 2650 622 2693 nec
653 2643 753 2694 terret
784 2651 842 2694 eos

77 2727 346 2790 comminationis
382 2731 500 2804 verbo;
541 2749 606 2791 non
645 2731 842 2808 improperat

76 2827 205 2887 crimen
238 2827 345 2887 laesae
375 2827 572 2904 maiestatis,
604 2812 665 2889 nec
695 2830 842 2906 obiurgat

76 2941 155 2984 reos
171 2924 211 2983 de
227 2926 354 2984 scelere
374 2924 593 2987 infidelitatis:
616 2929 674 2988 sed
697 2944 877 2988 memoras

75 3021 261 3081 innatae
290 3023 481 3097 pietatis
511 3042 628 3099 suae,
658 3024 840 3100 praetendit

76 3119 354 3194 misericordiam,
383 3130 415 3180 et
445 3123 617 3196 suspendit
647 3116 841 3194 vindictam;

76 3227 175 3292 atque
207 3226 279 3292 post
310 3233 441 3293 gravem
474 3235 646 3280 excessum
685 3230 717 3280 et
749 3218 840 3278 meti-

77 3315 225 3373 culosam
250 3314 369 3390 fugam,
391 3315 544 3390 exprimit
565 3316 726 3378 fraternae
743 3317 841 3377 dilec-

76 3413 176 3472 tionis
187 3412 412 3472 dulcedinem:
428 3423 460 3473 et
471 3414 637 3474 caritatem
649 3414 839 3474 indeficien·
850 3435 877 3474 ao

75 3520 141 3570 tem
158 3511 197 3570 ad
212 3527 330 3570 omnes
346 3513 509 3588 expandit,
525 3513 567 3573 ita
583 3513 746 3589 inquiens.
778 3513 838 3572 Dic

102 3615 254 3658 Thomacuii.
264 3613 352 3668 Opera.
366 3615 407 3659 111.
442 3617 483 3658 289
710 3619 734 3658 19
