2144 4194
218 397 259 448 ΘΧ)
277 395 449 446 [SERMONES
462 395 500 438 DE
510 395 577 438 VlTA
589 395 624 439 ET
635 394 782 438 PASSIONE
794 395 921 448 DOMINI]
936 396 981 447 K&

216 529 340 590 tutibus
361 529 460 589 veris.
502 526 658 589 Aridus
686 547 775 590 sum
805 539 845 588 et
868 530 978 588 clau·

217 628 310 702 dus3
333 626 465 702 irriga
487 625 626 685 faeiem
648 643 766 686 meam
789 626 977 700 lacrimis,

217 736 257 785 et
278 725 413 802 dirige
436 741 580 784 omnes
602 741 776 800 gressus
798 741 913 784 meos
934 723 976 782 in

217 823 382 883 semitis
404 822 499 882 tuis.
528 819 598 881 Tibi
615 822 693 883 dicit
707 839 764 881 cor
778 838 901 896 meum,
922 837 977 880 ex-

194 920 317 996 squirit
332 929 363 981 te
379 919 481 979 iacies
496 936 585 995 mea;
601 919 717 979 faciem
733 928 820 980 tuam
833 918 978 979 Domine

219 1018 293 1077 Iesu
315 1017 428 1076 videre
451 1016 618 1076 desidero:
645 1026 773 1078 etcum
796 1016 922 1092 angelis
944 1025 978 1075 et

218 1114 403 1190 pastoribus
433 1114 550 1175 devote
571 1115 715 1175 visitare.
757 1113 805 1174 Tu
827 1132 864 1174 es
887 1113 976 1174 enim

218 1212 359 1273 salutare
373 1212 484 1272 vultus
503 1212 567 1273 mei
584 1222 616 1272 et
632 1213 724 1272 Deus
743 1229 854 1272 meus:
877 1228 977 1271 vere
1058 1203 1059 1210 '

219 1327 319 1386 super
349 1309 458 1369 omnia
489 1310 568 1370 mihi
597 1310 765 1370 amandus.
808 1309 915 1369 Nemo
945 1318 978 1368 te

184 1427 208 1468 ro
218 1407 396 1483 pulchrior,
418 1425 515 1467 nemo
537 1408 722 1468 amabilior:
744 1424 841 1467 nemo
864 1417 896 1466 te
919 1423 977 1465 no-

218 1504 324 1579 bilior,
345 1522 443 1565 nemo
465 1513 497 1565 te
512 1506 665 1567 sanctior.
693 1504 741 1566 Tu
757 1505 909 1565 omnibus
926 1521 977 1564 sa-

218 1602 383 1679 pientibus
400 1603 593 1680 sapientior:
616 1603 769 1664 omnibus
784 1603 890 1676 ditior,
907 1619 978 1662 om·

219 1700 315 1760 nibus
337 1700 449 1760 maior.
492 1699 551 1761 Tui
575 1711 651 1761 sunt
673 1701 769 1777 caeli,
795 1709 827 1761 et
848 1709 904 1761 tua
926 1711 979 1760 est

219 1806 320 1858 terra:
343 1816 432 1859 mare
461 1809 493 1858 et
521 1798 631 1858 omnia
656 1799 794 1875 quaein
817 1797 865 1858 eis
887 1807 976 1858 sunt.

186 1918 210 1958 15
219 1895 309 1957 Tuus
337 1906 387 1956 est
415 1896 486 1956 dies
508 1906 540 1956 et
560 1907 615 1956 tua
637 1906 687 1957 est
708 1914 788 1956 nox:
817 1904 977 1956 aestatem

220 2004 253 2054 et
267 2011 325 2054 ver
345 2004 379 2054 tu
396 1994 579 2070 plasmasti3
602 2004 633 2056 et
655 1994 764 2055 omnia
781 1992 880 2053 certis
894 2003 977 2053 tem-

219 2092 354 2168 poribus
383 2092 556 2152 ordinasti:
585 2091 639 2168 qui
662 2092 695 2152 in
718 2091 858 2151 obseura
878 2101 977 2151 nocte

220 2199 251 2250 et
274 2189 405 2250 hiemali
429 2189 550 2266 frigore
572 2189 662 2249 nasci
685 2189 827 2249 voluisti.

260 2287 289 2348 Ο
319 2287 401 2347 mira
430 2298 462 2347 et
490 2286 666 2347 ineffabilis
695 2286 826 2346 dilectio
851 2286 914 2346 Dei
945 2298 979 2347 et

182 2405 208 2446 ao
220 2384 352 2445 Domini
364 2385 428 2445 mei
441 2386 516 2446 lesu
528 2386 654 2448 Christi
665 2385 824 2462 vagientis
839 2385 873 2445 in
884 2403 977 2462 prae·

219 2481 327 2557 sepio:
357 2499 453 2559 quem
484 2484 615 2544 laudant
643 2492 675 2544 et
703 2484 837 2543 adorant
859 2499 978 2543 omnes

219 2580 324 2656 angeli
347 2580 380 2640 in
403 2581 503 2641 eaelo.
537 2581 567 2642 0
590 2599 686 2658 quam
702 2598 835 2658 magnas
856 2581 977 2658 gratias
1058 2609 1059 2620 κ

219 2687 334 2738 teneor
365 2679 545 2739 retribuere
577 2678 800 2739 amantissimo
833 2678 977 2739 Domino
1058 2713 1059 2744 r

219 2792 293 2835 meo
310 2775 468 2836 Salvatori
484 2794 521 2836 ac
535 2775 744 2852 Redemptori
760 2793 834 2837 meo
849 2793 908 2852 pro
926 2793 978 2836 sa-

182 2873 287 2935 zslute
309 2891 382 2933 meo
404 2882 498 2934 nato:
521 2873 575 2950 qui
592 2873 625 2933 in
641 2874 768 2934 stabulo
784 2890 892 2933 coram
909 2874 977 2934 ani-

219 2970 360 3030 malibus
382 2987 448 3030 non
464 2971 583 3047 refugit
604 2972 761 3047 hospitari
784 2971 876 3048 quasi
899 2990 978 3049 pau·
1058 3029 1059 3054 2

220 3069 374 3145 perculus
396 3071 504 3129 homo.
534 3069 636 3131 Certe
653 3070 698 3129 nil
721 3070 854 3147 dignum
870 3070 977 3132 laudis

219 3170 340 3229 habeo:
360 3169 418 3229 sed
437 3177 564 3228 tamen
580 3169 820 3229 voluntatem
839 3169 975 3228 bonam

220 3265 403 3328 libenter
432 3265 510 3326 tibi
542 3265 691 3326 oilero
727 3265 975 3342 insignum

184 3363 435 3426 eocaritatis
464 3373 505 3424 et
532 3363 844 3440 gratitudinis.
887 3363 977 3440 Quid
1058 3351 1059 3402 Τ

221 3463 389 3538 amplius?
432 3461 579 3524 Cantabo
602 3478 676 3521 cum
699 3462 823 3538 angelis
839 3462 976 3538 sanctis;

585 3566 612 3606 oo
