2122 4196
72 463 107 514 ΘΞ
137 463 299 506 MEDITATIO
316 464 355 506 DE
371 461 602 507 INCARNATIONE
618 461 742 506 CHRISTI
775 462 816 515 K&

72 607 100 656 et
119 598 187 657 aliis
208 597 492 674 deprecationibus
519 597 718 657 desiderium
741 615 815 674 pec·

70 695 141 754 toris
162 696 211 756 sui
234 696 403 772 psallendo
433 712 531 771 saepe
553 695 673 772 aperit:
702 696 760 755 sed
783 705 815 755 et

70 793 173 853 altiora
200 795 317 853 horum
340 793 494 853 revelatis
523 794 632 854 cordis
654 793 759 853 oculis
781 793 813 852 in

69 891 282 953 testimonium
304 891 361 951 tibi
385 892 512 951 asserit.
557 892 619 952 Hic
642 901 692 951 est
710 891 814 951 David

69 1000 207 1066 sanctus;
230 990 281 1049 cui
305 991 429 1051 incerta
447 1000 479 1050 et
494 991 621 1050 occulta
636 989 838 1066 sapientiaes

68 1098 134 1148 tuae
155 1089 387 1149 manifestasti:
410 1099 442 1148 et
457 1089 543 1165 quod
563 1089 604 1148 de
626 1087 698 1147 eius
713 1087 815 1164 stirpe

68 1185 276 1247 incarnandus
306 1203 399 1246 esses
431 1185 620 1262 promisisti.
671 1185 733 1246 Hic
765 1196 815 1245 est

70 1285 164 1345 David
179 1285 283 1344 forma
298 1286 448 1359 decorus,
466 1302 564 1344 manu
580 1284 717 1360 validus,
740 1301 815 1343 con-

69 1382 134 1441 silio
155 1383 311 1458 providus
319 1400 328 1458 ;
357 1381 490 1458 sapiens
512 1382 545 1441 in
567 1381 688 1456 verbiS,
712 1381 745 1441 in
768 1381 815 1440 in·

70 1479 153 1539 iuriis
174 1489 375 1555 mansuetus,
398 1479 430 1539 in
454 1479 558 1538 oculis
581 1479 651 1538 suis
671 1478 815 1554 humilis,
827 1494 852 1533 ro

70 1578 164 1637 cultor
185 1595 297 1638 sacrae
317 1577 415 1655 legis:
438 1587 630 1654 praecentor
645 1577 815 1653 evangelii,

70 1692 157 1736 verax
178 1676 272 1737 testis
295 1675 455 1734 adventus
477 1675 533 1735 tui.
565 1676 627 1735 Hic
645 1676 685 1735 de
701 1675 815 1735 nativi·

70 1781 125 1832 tate
146 1773 298 1848 passione
314 1772 556 1833 resurrectione
572 1783 604 1832 et
621 1773 815 1833 ascensione

71 1879 117 1928 tua
145 1871 336 1946 plenissime
366 1870 560 1930 vaticinatus
592 1881 651 1930 est.
700 1869 746 1929 Tu
780 1888 815 1930 es

72 1983 139 2044 ergo
166 1970 205 2029 de
234 1987 299 2046 quo
329 1970 381 2029 ait.
425 1970 460 2029 ln
484 1970 553 2028 sole
582 1969 691 2044 posuit
712 1969 852 2028 taber-15

73 2068 212 2127 naculum
229 2085 343 2127 suum:
362 2077 393 2127 et
408 2067 479 2143 ipse
495 2077 658 2144 tamquam
674 2084 816 2142 sponsus

72 2165 242 2236 procedens
265 2165 305 2225 de
327 2165 468 2224 thalamo
486 2182 561 2224 suo.
598 2165 760 2225 Exultavit
782 2174 817 2223 ut

73 2261 151 2338 gigas
166 2264 204 2323 ad
220 2263 418 2322 currendum
434 2262 536 2322 viam:
552 2280 570 2321 a
585 2279 714 2322 summo
726 2262 816 2321 caelo

74 2373 215 2434 egressus
245 2361 333 2420 eius:
364 2371 395 2420 et
424 2378 581 2421 occursus
611 2361 682 2420 eius
712 2378 816 2437 usque

74 2456 106 2514 ad
125 2474 287 2517 summurn
317 2458 399 2518 eius.
441 2457 489 2518 Tu
518 2459 638 2518 veritas
667 2459 707 2518 de
731 2467 853 2518 terrazo

74 2564 150 2630 orta3
183 2565 218 2615 tu
249 2555 372 2616 iustitia
403 2557 443 2616 de
474 2556 564 2615 caelo
596 2556 817 2632 prospiciens:

74 2668 147 2726 quae
167 2671 228 2714 nos
251 2655 322 2713 Deo
346 2654 432 2714 Patri
456 2663 529 2730 post
553 2655 679 2730 lapsum
704 2672 817 2714 recon-

75 2749 193 2810 ciliavit.
235 2750 283 2811 Tu
313 2753 485 2828 speciosus
514 2753 618 2812 forma
642 2770 718 2829 prae
741 2753 817 2812 liliis

75 2846 247 2924 hominum3
260 2849 294 2909 in
305 2849 399 2909 cuius
410 2850 504 2909 labiis
515 2850 634 2910 diffusa
645 2861 694 2910 est
703 2851 817 2927 gratia:

76 2943 163 3005 immo
185 2964 203 3004 a
225 2964 289 3023 quo
312 2947 464 3007 omnibus
493 2947 718 3008 misericordia
746 2965 818 3024 pro·
828 2962 854 3003 25

76 3040 157 3102 lluxit
177 3053 209 3103 et
223 3044 334 3120 gratia.
362 3043 410 3104 Tu
427 3046 518 3105 Deus
539 3062 595 3104 rex
618 3055 730 3105 noster
744 3055 818 3104 ante

77 3141 211 3201 saecula:
227 3141 281 3218 qui
299 3152 451 3217 operatus
465 3159 501 3201 es
512 3143 650 3202 salutern
666 3143 698 3201 in
711 3143 818 3202 medio

77 3245 179 3298 terrae.
207 3237 256 3298 Tu
279 3241 377 3299 homo
400 3250 494 3299 natus
517 3239 549 3299 in
569 3240 702 3299 Iudaea:
725 3240 819 3299 cuius

77 3350 184 3395 nomen
207 3346 376 3411 permanet
398 3346 472 3396 ante
494 3338 633 3396 saecula.
664 3336 713 3397 Tu
736 3337 819 3396 sicut

78 3430 174 3504 pluvia
195 3433 229 3492 in
251 3433 358 3492 vellus
380 3433 578 3494 descendisti
608 3434 642 3493 in
665 3435 856 3494 llllariamzao

79 3539 105 3588 et
123 3531 203 3592 sicut
225 3531 390 3591 stillicidia
404 3531 558 3592 stillantia
576 3549 676 3608 super
690 3543 820 3607 terram,

434 3637 457 3677 15
