2144 4194
80 453 403 506 &ww
446 454 477 504 [5]
518 453 839 507 mmm&

81 587 221 663 dignitas
244 595 295 646 est
321 595 483 662 reparata,
510 597 543 647 et
563 587 681 647 diaboli
704 588 840 665 decepta

82 684 253 744 calliditas.
274 683 441 744 Benedico
451 693 484 743 te
496 684 592 744 Pater
602 685 767 745 caelestis:
782 686 838 762 qui

81 782 238 843 dilectum
254 781 357 842 lilium
373 791 466 842 tuum
481 781 520 840 ad
535 791 679 842 nostram
692 783 839 859 redemp-

81 879 205 940 tionem
228 879 262 939 in
278 879 435 939 mundum
452 879 580 939 misisti.
618 879 785 940 Benedico
807 892 838 941 te

82 978 124 1038 lili
137 977 201 1038 Dei
215 977 383 1054 unigenite
395 977 469 1037 lesu
482 976 630 1038 Christe:
643 976 698 1053 qui
707 986 861 1054 propters

81 1093 141 1136 nos
151 1073 525 1135 hominesredimendos
535 1083 683 1135 naturam
694 1085 837 1135 nostram

82 1174 303 1250 assumpsisti.
335 1173 501 1233 Benedico
516 1182 549 1233 te
565 1172 706 1248 Spiritus
726 1183 839 1234 sancte

81 1271 253 1347 paraclite:
270 1271 324 1348 qui
337 1281 454 1332 cuncta
464 1270 698 1347 redemptionis
707 1281 839 1332 nostrae

81 1365 839 1445 sacramentaabinitiousqueinlinemgloriose

83 1473 113 1523 et
128 1462 269 1522 mirilice
284 1463 461 1539 perfecisti.
491 1463 541 1524 Sit
554 1464 611 1524 tibi
627 1466 753 1528 inlinita
768 1468 838 1528 laus
849 1484 873 1526 10

84 1571 114 1622 et
139 1561 262 1638 gloria3
290 1561 333 1622 sit
354 1564 460 1622 honor
480 1562 537 1623 tibi
568 1573 600 1623 et
623 1564 796 1641 imperium
819 1582 838 1625 o

84 1676 213 1719 summa
241 1659 442 1735 sempiterna
462 1658 619 1721 Trinitas:
649 1662 742 1722 cuius
766 1681 839 1740 pro·

84 1757 228 1818 videntia
242 1767 274 1818 et
289 1757 493 1818 ordinatione
504 1757 587 1817 lacta
602 1769 652 1819 est
666 1759 761 1818 nobis
773 1772 838 1820 tarn

85 1853 225 1914 iucunda
253 1865 286 1914 et
313 1855 483 1915 sollemnis
509 1855 678 1917 festivitas.
721 1855 837 1919 Amen.

117 2033 173 2093 DE
197 2031 376 2094 DEVOTA
398 2032 677 2096 VlSlTATIONE
701 2034 803 2096 NATI
849 2065 874 2106 15

332 2131 460 2191 PVERI
484 2131 590 2192 IESV.

80 2288 252 2505 &Vm
267 2360 361 2419 quem
372 2343 479 2419 diligit
487 2345 598 2405 anima
610 2363 681 2406 mea
691 2347 838 2408 vidistis?

212 2442 316 2502 Vobis
338 2442 454 2518 loquor
475 2443 581 2520 angeli
597 2445 718 2505 sancti:
741 2445 838 2504 dicite

81 2541 161 2602 rnihi
186 2541 227 2600 de
251 2541 326 2600 lesu
348 2557 422 2600 meo
445 2543 531 2617 quod
554 2542 667 2602 nostis.
703 2543 765 2603 Vbi
789 2551 874 2605 estzo

10 2629 11 2637 '
80 2638 238 2715 parvulus
263 2637 317 2714 qui
340 2647 436 2698 natus
459 2647 509 2699 est
529 2639 652 2700 nobis?
695 2639 837 2700 Iudicate

81 2737 160 2797 nihi
189 2752 287 2812 quem
311 2735 414 2812 diligit
435 2735 543 2796 anima
564 2753 646 2796 mea.
690 2736 837 2813 Quodsi

81 2834 160 2894 mihi
190 2834 335 2894 indicare
363 2849 429 2892 non
451 2833 566 2894 vultis:
596 2834 693 2894 dicite
722 2835 837 2894 saltem

81 2949 138 3007 per
159 2948 219 2991 eos
241 2949 324 3008 quos
344 2932 460 3009 dignos
475 2931 706 2992 iudicaveritis.
735 2932 838 2992 Vobis

82 3031 199 3108 loquor
219 3040 384 3107 pastores:
407 3030 504 3091 dicite
520 3029 600 3090 mihi
617 3030 657 3090 de
674 3030 747 3090 lesu
764 3047 873 3093 meozs

82 3131 167 3205 quod
189 3129 304 3189 nostis.
333 3128 395 3188 Vbi
418 3136 469 3188 est
489 3127 645 3204 parvulus
667 3127 722 3203 qui
742 3138 838 3187 natus

83 3235 131 3285 est
158 3227 282 3286 nobis?
325 3225 414 3302 Quid
442 3223 647 3284 annuntiavit
668 3224 761 3284 vobis
783 3242 838 3284 an·

83 3323 202 3399 gelus?
244 3322 412 3383 Annuntio
442 3320 548 3399 inquit
569 3320 663 3381 vobis
684 3321 836 3397 gaudium

85 3437 251 3497 magnum:
274 3419 351 3497 quia
371 3429 467 3479 natus
483 3429 533 3480 est
547 3418 641 3478 vobis
656 3419 754 3479 hodie
771 3418 837 3479 Sal·

85 3526 172 3578 vator
193 3518 249 3595 qui
272 3527 323 3578 est
343 3516 498 3578 Christus
521 3517 683 3578 Dominus
704 3519 738 3578 in
761 3519 873 3582 civi-ao

446 3622 473 3664 at
