2122 4196
93 458 420 512 ffiffifflffl
464 459 495 510 [²]
535 459 857 512 &mamilli->dii

95 610 198 670 prope
228 610 301 652 sum
333 592 411 653 dicit
433 592 614 669 Dominus3
641 593 704 653 iarn
727 602 856 670 tempus

96 708 208 751 meum
231 690 403 766 impletum
423 700 488 750 est:
511 691 594 751 ultra
615 707 680 752 non
696 692 856 752 morabor.

97 789 244 864 Implebo
260 789 398 848 verbum
421 805 530 848 meum
553 790 639 865 quod
659 790 741 866 dixi3
763 790 856 850 satis-

97 887 213 946 faciam
244 885 456 962 promissioni
481 904 590 947 meae:
618 904 684 946 non
707 887 854 948 differam

96 984 297 1045 desiderium
314 983 458 1059 animae3
481 984 542 1045 erit
564 985 650 1061 quod
666 984 780 1060 petivit
802 985 878 1045 fieta

99 1082 186 1159 quod
209 1080 348 1157 optavit:
371 1081 447 1157 quia
462 1099 521 1159 ego
537 1083 608 1158 ipse
630 1083 684 1159 qui
701 1084 857 1160 loquebar

96 1196 173 1239 ecce
190 1195 313 1238 assum.
341 1177 457 1240 Gaude
474 1189 506 1239 et
521 1180 641 1240 laetare
656 1181 763 1241 anima
779 1180 855 1241 lide·

93 1278 152 1337 lis:
175 1277 253 1353 quia
267 1276 358 1337 venit
373 1277 429 1336 tibi
447 1277 516 1338 Rex
531 1279 571 1339 de
587 1278 696 1338 caelis.
727 1278 789 1338 Hic
805 1289 855 1339 est

94 1375 259 1435 Dominus
272 1375 363 1434 Deus
378 1385 465 1451 mua,
476 1374 637 1437 Conditor
652 1385 684 1436 et
695 1376 854 1452 Redemp-

93 1483 145 1533 tor
167 1483 263 1547 tuus3
293 1471 347 1530 diu
371 1481 569 1548 expectatus,
598 1473 750 1534 ardenter
771 1474 890 1534 desi-ro

93 1571 245 1631 deratus:
275 1579 307 1629 et
336 1569 595 1630 adveniendum
625 1571 687 1630 iam
714 1582 854 1648 paratus.

92 1668 169 1728 Noli
181 1668 301 1728 timere
313 1666 378 1726 lilia
390 1667 483 1728 Sion:
500 1685 577 1728 ecce
590 1670 658 1729 Rex
669 1679 745 1730 tuus
755 1671 854 1732 venit.

92 1766 178 1826 Ecce
201 1766 329 1825 caelum
353 1765 439 1824 unde
464 1766 642 1842 egreditur:
665 1785 742 1827 ecce
762 1786 855 1828 mun·

89 1865 153 1923 dus
185 1880 285 1940 quem
312 1862 504 1938 ingreditur.
548 1862 631 1923 Ecce
660 1865 693 1924 in
722 1866 853 1926 dextera

91 1963 166 2022 eius
182 1962 278 2038 ignea
300 1961 368 2020 lex:
391 1960 424 2020 in
440 1960 573 2020 sinistra
588 1961 659 2021 eius
675 1962 806 2022 divitiae
822 1973 889 2023 etis

91 2060 205 2137 gloria.
250 2058 334 2119 Ecce
363 2059 397 2118 in
427 2059 565 2118 circuitu
593 2061 664 2120 eius
694 2061 798 2137 angeli
822 2072 853 2122 et

1 2161 2 2168 ’
94 2157 383 2233 archangeli3ante
395 2172 470 2215 eurn
481 2158 669 2233 prophetae,
680 2158 852 2219 iuxtaeum

91 2255 248 2333 apostoli:
271 2263 344 2330 post
359 2270 433 2313 eum
449 2253 706 2315 innumerabiles
727 2266 852 2316 sancto-

92 2371 164 2413 rum
189 2352 291 2412 chori.
322 2352 406 2412 Ecce
428 2363 569 2428 quantus
591 2365 641 2414 est
663 2354 716 2414 hic
734 2355 788 2432 qui
805 2355 852 2414 in·

91 2451 258 2528 greditur;
280 2451 332 2510 cui
348 2450 587 2511 dominationes
606 2461 798 2511 occurrunt:
821 2462 888 2512 etao

91 2566 209 2610 omnes
218 2548 356 2608 virtutes
368 2548 532 2608 caelorum
545 2548 750 2608 famulantur.
768 2548 851 2609 Ecce

91 2648 181 2708 venit
210 2647 285 2723 pius
314 2657 347 2707 et
375 2657 567 2707 mansuetus
589 2663 711 2722 pauper
733 2656 765 2706 et
786 2648 850 2707 hu·

92 2744 207 2804 milis
240 2745 322 2804 Rex
344 2745 377 2804 in
407 2745 623 2805 humanitate:
653 2744 708 2821 qui
731 2744 850 2805 iudica·

92 2853 185 2902 turus
209 2850 260 2901 est
281 2843 395 2902 orbem
410 2852 516 2903 terrae
531 2843 565 2902 in
581 2844 752 2920 aequitate.
782 2845 849 2904 Be·

91 2939 143 2999 ati
168 2938 282 2998 oculi
306 2938 374 3015 qui
397 2939 472 3000 ista
493 2939 656 3016 vident,
679 2951 710 3001 et
725 2942 885 3002 aeternizs

93 3037 193 3113 Regis
208 3053 309 3112 opera
330 3037 374 3096 ad
396 3054 501 3097 suam
524 3038 848 3099 aedificationem

91 3134 382 3211 considerant3
410 3135 487 3211 quia
514 3152 593 3194 non
620 3135 724 3196 ineis
747 3154 848 3212 pom·

92 3249 178 3308 pam
214 3232 340 3292 huius
371 3232 510 3293 mundi
539 3231 758 3294 videbunt:
790 3235 848 3294 sed

92 3347 225 3390 omnem
256 3328 472 3390 humilitatem
502 3339 534 3389 et
564 3332 848 3392 mansuetudinem

91 3427 123 3486 in
145 3426 226 3488 tanti
251 3427 350 3504 Regis
372 3429 512 3489 adventu
535 3429 713 3490 invenient.
754 3430 883 3491 Beatiao

92 3541 208 3585 omnes
224 3525 279 3602 qui
295 3525 473 3602 spiritualis
483 3527 724 3603 intellegentiae
735 3528 847 3586 oculos

456 3631 484 3671 aa
