2144 4194
74 459 402 513 mm
445 461 477 511 [8]
517 459 839 512 &mmmmm

75 592 203 669 quitate
225 604 359 654 naturae
382 593 538 653 maiorem
560 592 714 653 affectum
731 601 838 652 osten·

74 691 191 750 deres:
211 701 243 750 et
257 708 317 766 per
331 690 494 752 visibilem
511 701 678 767 aspectum
695 689 838 750 hominis

74 789 113 848 ad
134 788 338 849 invisibilem
356 790 494 850 Deitatis
510 788 724 849 substantiam
740 803 837 846 manu

74 886 229 946 duceres,

115 983 144 1045 Ο
170 984 364 1045 dulcissima
390 986 555 1046 incarnata
578 983 638 1045 Dei
662 982 859 1059 sapientiazs

74 1098 174 1158 quarn
199 1082 339 1142 dulciter
360 1092 393 1142 et
413 1083 579 1160 sapienter
596 1099 648 1142 me
664 1080 767 1141 allicis
782 1089 837 1140 tua

75 1179 209 1238 amabili
232 1179 377 1239 infantia.
419 1180 587 1242 Converte
608 1196 695 1239 nunc
719 1177 834 1238 faciem

74 1288 164 1338 tuam
188 1278 229 1338 ad
251 1295 304 1338 me
327 1277 401 1337 Iesu
424 1278 525 1353 bone,
555 1288 586 1338 et
615 1277 680 1337 noli
710 1293 763 1335 me
788 1293 836 1335 re-

74 1376 217 1450 probare
253 1394 271 1435 a
301 1375 413 1452 pueris
448 1375 533 1450 tuis;
568 1375 626 1434 sed
657 1373 835 1433 iucundum

75 1473 199 1546 praebe
222 1472 300 1532 mihi
324 1481 508 1549 aspectum:
536 1481 570 1531 ut
592 1482 623 1532 te
645 1471 716 1531 viso
739 1471 872 1531 laete-ro

74 1580 128 1629 tur
150 1587 358 1645 cormeum,
380 1578 412 1629 et
434 1586 555 1629 novum
578 1568 696 1628 sentiat
718 1567 835 1628 exinde

75 1668 243 1742 gaudium.
285 1667 315 1729 Ο
339 1668 417 1728 lelix
445 1669 526 1728 hora
551 1666 680 1744 quando
706 1665 835 1742 pietatis

76 1774 151 1825 tuae
175 1767 281 1826 oculis
303 1783 355 1826 me
378 1765 532 1825 intueris:
561 1774 593 1824 et
620 1763 754 1840 gratiam
782 1764 835 1823 de-

76 1863 253 1924 sideratam
282 1863 362 1923 mihi
389 1863 545 1923 ostendis
590 1861 661 1921 Hoc
684 1861 770 1920 enim
793 1861 835 1920 si·

76 1976 178 2034 gnum
200 1960 392 2020 clementiae
408 1970 473 2020 est:
495 1960 557 2020 hoc
580 1959 659 2018 mihi
683 1957 833 2018 fiduciam
846 1976 871 2016 15

77 2058 213 2131 praebet
242 2066 273 2117 et
301 2059 458 2119 solamen.
502 2058 574 2117 Hoc
603 2057 699 2118 etiam
722 2057 836 2117 invitat

76 2155 237 2214 accedere
259 2155 299 2214 ad
320 2156 534 2215 osculandum
563 2155 681 2230 pedeS,
710 2171 915 2229 manuopera

79 2260 110 2311 et
132 2270 172 2312 os
195 2262 286 2312 tuum
306 2253 524 2324 benedictum.
556 2252 586 2314 Ο
602 2252 685 2312 sacri
702 2263 734 2312 et
748 2252 836 2312 omni
860 2233 910 2276 “⁸¹¹

78 2350 233 2426 amplexu
265 2349 447 2426 dignissimi
479 2350 580 2426 pedes
610 2348 741 2409 Domini
773 2349 836 2408 mei

82 2446 157 2505 lesu
182 2445 307 2507 Christi
330 2446 420 2522 parvi
444 2457 476 2506 et
497 2448 617 2521 teneri,
643 2446 727 2507 intra
747 2460 874 2522 prae-ao

79 2543 171 2619 sepis
193 2543 359 2619 angustias
380 2543 491 2618 artati3
513 2543 567 2620 qui
591 2561 649 2619 pro
665 2561 718 2604 me
733 2545 838 2603 adhuc

80 2639 304 2700 ambulabitis:
328 2650 360 2700 et
378 2658 478 2716 saepe
494 2640 614 2716 fatigati
631 2641 732 2702 eritis.
764 2640 838 2700 Heu

81 2737 185 2814 frigus
200 2755 266 2797 non
281 2739 445 2798 modicum
466 2738 652 2799 sustinetis:
675 2738 751 2815 quia
772 2739 839 2798 suf-

82 2833 197 2895 ficiens
233 2836 444 2912 tegimentum
480 2836 520 2895 ad
554 2836 772 2910 induendum,
807 2847 840 2897 et

81 2932 189 3008 ignem
230 2934 270 2993 ad
306 2934 563 2994 calefaciendum
602 2934 736 2994 iorsitan
773 2950 875 2993 nonas

82 3031 218 3090 habetis
251 3031 307 3092 lsti
330 3043 406 3093 sunt
428 3033 538 3092 tenelli
562 3043 594 3092 et
613 3032 721 3092 dilecti
738 3032 839 3108 pedes

84 3127 214 3188 Domini
245 3129 309 3188 mei
333 3129 526 3189 Salvatoris:
555 3129 661 3189 adhuc
685 3130 719 3190 in
742 3146 839 3188 cruce

84 3226 185 3286 acutis
209 3225 310 3285 clavis
332 3226 529 3302 perforandi.
573 3226 611 3286 Et
637 3236 714 3286 tunc
740 3228 839 3287 vehe-

84 3332 209 3383 menter
238 3323 466 3383 cruentabitis:
495 3323 549 3400 qui
577 3324 673 3384 modo
695 3324 838 3384 validum

83 3419 155 3493 gelu
177 3419 339 3496 patienter
353 3420 534 3481 sustinetis
567 3421 622 3481 lsti
643 3431 719 3482 sunt
738 3421 875 3497 pedesao

85 3517 122 3576 ad
143 3517 428 3593 evangelizandam
451 3535 564 3594 pacem
585 3519 777 3593 rectissimi3
799 3518 837 3577 ad

446 3623 484 3664 no
