2144 4194
96 448 424 502 &mmm
461 448 506 500 [¹²]
540 446 863 500 fflffiwfflffl

97 583 192 643 nium
215 593 307 643 tuum
330 581 364 642 in
386 583 446 641 bac
462 581 544 641 vita:
566 591 599 641 et
618 597 771 658 magnum
786 599 863 659 gau·

96 681 190 740 dium
214 680 302 741 dabit
323 681 407 740 bene
430 689 702 740 consummatum.
739 679 860 757 Quanti

97 795 188 838 anno
211 777 386 855 praeterito
414 777 659 837 Ieiunaverunt:
687 777 742 854 qui
766 777 862 836 modo

98 893 140 936 ex
156 877 220 935 hoc
237 875 357 935 mundo
373 874 604 952 migraverunt.
635 874 773 935 Gratum
795 891 862 934 om-

99 974 182 1033 nino
198 973 270 1032 Deo
292 972 370 1032 erit:
393 971 420 1030 si
443 980 560 1046 sponte
576 981 607 1030 et
630 970 777 1032 hilariter
799 971 885 1045 tiata

98 1070 189 1146 quod
216 1081 325 1131 tamen
353 1067 423 1129 lieri
446 1086 487 1128 ex
508 1069 704 1129 necessitate
727 1078 862 1145 oportet.

143 1168 245 1244 Igitur
273 1167 398 1228 abiecto
421 1166 537 1226 timore
561 1166 698 1227 carnali:
725 1166 863 1227 viriliter

99 1277 134 1325 et
156 1264 308 1325 alacriter
329 1264 505 1341 aggredere
527 1263 686 1324 ieiunium
711 1265 862 1324 salutare.

100 1361 245 1422 Ambula
260 1362 293 1422 in
309 1362 425 1438 spiritu
440 1362 615 1422 libertatis:
631 1371 662 1422 et
677 1361 862 1422 sollicitudo

99 1476 169 1520 non
192 1460 363 1537 occupabit
385 1460 502 1521 carnis.
538 1461 669 1520 Intuere
691 1459 863 1536 diligenter
875 1474 899 1515 ro

100 1558 254 1634 exempla
275 1567 462 1618 sanctorum
485 1559 716 1634 prophetarum
734 1556 862 1633 Moysis

102 1666 137 1716 et
161 1655 250 1715 Eliae
277 1665 308 1716 et
331 1654 495 1715 Danielis:
524 1671 663 1731 quorum
693 1653 774 1713 mira
803 1652 863 1713 luit

102 1752 301 1813 abstinentia
316 1753 434 1828 victus,
455 1763 487 1813 et
506 1753 611 1812 amica
625 1752 766 1812 solitudo
782 1753 863 1811 mul·

101 1851 146 1912 tis
170 1852 381 1928 temporibus.
419 1848 561 1911 Attende
583 1860 615 1909 et
636 1847 861 1909 beatisSImum

101 1950 284 2010 Iohannem
312 1949 490 2025 Baptistam
520 1949 660 2025 optimae
689 1963 861 2007 conversa·
874 1965 898 2004 15

98 2046 203 2107 tionis
218 2063 366 2123 puerum,
388 2064 486 2124 quem
503 2046 643 2122 Spiritus
665 2054 798 2105 sanctus
820 2062 860 2104 ex

99 2155 198 2205 utero
227 2146 339 2206 matris
368 2146 522 2222 replevit3
552 2146 677 2204 ducens
705 2143 796 2202 illum
826 2142 859 2201 in

99 2253 217 2303 tenera
238 2252 342 2303 aetate
364 2244 403 2303 ad
426 2260 589 2303 eremum:
612 2241 666 2301 ubi
690 2241 722 2300 ln
745 2257 860 2316 magna

98 2341 299 2401 abstinentia
328 2351 359 2400 et
387 2340 575 2400 austeritate
604 2339 689 2398 vitae
715 2337 859 2397 solitarie

99 2438 159 2498 diu
195 2437 283 2498 vixit.
336 2437 464 2497 Deinde
497 2436 674 2496 Dominum
710 2444 895 2495 nostrumao

100 2537 212 2595 Iesum
230 2534 401 2596 Christum
422 2533 646 2610 praecunctis
668 2531 790 2592 sanctis
812 2532 859 2591 in·

97 2645 206 2709 tuere,
227 2650 264 2692 ac
279 2649 338 2709 pro
354 2630 509 2708 singulari
526 2630 676 2706 exemplo
696 2628 858 2689 abstinen-

95 2732 165 2792 tiae
188 2730 244 2790 tibi
267 2739 429 2806 antepone
437 2746 446 2804 ;
468 2727 607 2805 qualiter
629 2728 699 2804 ipse
720 2727 859 2789 Sanctus

94 2837 288 2890 sanctorum
313 2828 382 2887 Rex
409 2843 521 2903 regum
549 2835 580 2886 et
603 2825 764 2887 Conditor
789 2843 859 2886 sae·

94 2928 267 3000 culorum,
295 2925 445 2986 Sacrator
466 2934 498 2985 et
521 2925 690 2986 Institutor
712 2924 895 2984 omniumas

93 3036 295 3100 temporum,
317 3023 476 3083 ieiunium
499 3022 710 3099 quadraginta
732 3021 858 3082 dierum

93 3121 301 3197 totidemque
321 3121 465 3182 noctium
481 3121 563 3180 nibil
579 3120 709 3180 interim
726 3121 859 3180 mandu-

93 3219 204 3280 cando
226 3218 366 3295 peregit:
389 3235 449 3279 suo
466 3217 673 3278 sanctissimo
690 3228 721 3277 te
736 3216 859 3276 docens

93 3317 250 3394 exemplo
266 3317 423 3390 ieiunare,
446 3324 477 3375 et
496 3325 608 3374 contra
623 3313 740 3374 diaboli
757 3323 859 3390 temp·

94 3414 240 3477 tationes
263 3413 390 3475 fortiter
412 3422 546 3472 certare.
578 3410 666 3487 Quid
682 3411 769 3470 enim
793 3428 895 3471 nonio

94 3510 286 3584 tolerabile,
307 3510 384 3587 quid
407 3527 472 3570 non
495 3509 633 3570 amabile
655 3509 744 3569 illius
767 3509 859 3570 tieret

464 3615 498 3656 m
