2128 4190
240 429 281 482 Εἰς
300 428 474 482 [SERMONES
487 430 525 472 DE
535 429 602 473 VITA
614 430 649 472 ET
660 429 808 473 PASSIONE
820 431 952 484 DOMINI]
967 433 1011 485 ω

243 562 303 623 Dei
334 573 400 624 toto
429 565 540 642 generi
570 567 713 626 humano
741 564 889 641 largiflue
921 565 1011 626 data.

243 659 308 736 Qui
339 661 444 721 adhuc
466 662 568 722 multo
590 661 713 721 maiora
734 662 818 721 bona
840 663 1011 738 promisit,

242 767 273 817 et
303 759 487 820 certissime
519 760 633 820 reddet
662 759 719 819 tibi
750 759 784 818 in
816 759 939 820 caelis:
980 763 1010 821 si

241 865 349 916 tamen
373 867 483 933 gratus
509 857 611 917 fueris
634 857 674 918 de
695 858 927 934 praesentibus
950 860 1011 920 bo·
1051 852 1059 957 Ι

218 952 303 1027 snis,
326 963 357 1014 et
379 971 484 1031 usque
506 956 544 1016 ad
567 966 706 1016 mortem
729 956 956 1032 permanseris
973 957 1009 1016 in

241 1050 369 1111 modico
392 1051 507 1112 fidelis.

282 1150 438 1226 Magnum
452 1149 567 1210 vitium
579 1160 630 1211 est
645 1151 854 1228 ingratitudo:
871 1162 904 1213 et
918 1155 1010 1228 apud

242 1246 348 1306 Deum
364 1257 396 1307 et
411 1248 562 1308 homines
578 1248 792 1325 vituperabile
807 1249 919 1310 nimis.
953 1251 1010 1310 In-

241 1344 358 1421 dignus
389 1355 439 1405 est
471 1345 559 1405 enirn
591 1346 750 1406 beneficio
782 1347 914 1407 divino:
947 1350 1009 1425 qui

208 1462 232 1502 ιο
240 1441 360 1518 gratias
382 1460 447 1502 non
470 1443 534 1520 agit
557 1445 628 1503 Deo
651 1444 748 1504 corde
770 1445 898 1506 devoto.
932 1446 1009 1506 Nec

241 1539 397 1616 ampliora
425 1551 570 1601 meretur
597 1541 763 1617 accipere,
794 1543 849 1619 qui
878 1560 917 1602 se
949 1561 1009 1606 ex·

240 1637 324 1698 tollit
345 1636 378 1697 in
394 1638 518 1714 aliquo:
541 1648 595 1698 aut
609 1640 821 1716 neglegenter
836 1651 1009 1717 operatur,

242 1753 306 1796 uno
335 1746 459 1796 tantum
488 1736 549 1796 sibi
573 1738 693 1797 talento
716 1754 885 1799 concesso.
931 1739 1009 1800 Ma·

240 1851 339 1910 gnum
371 1834 484 1910 utique
514 1845 579 1894 est:
610 1835 697 1912 quod
726 1835 818 1895 Deus
849 1836 1010 1912 dignatur

207 1932 364 1994 rshomini
401 1932 522 2007 aliquid
558 1932 643 1992 dare.
693 1932 781 1992 Nec
817 1950 1008 2008 parvum

241 2030 354 2090 debet
376 2028 581 2106 reputari,
606 2029 704 2105 quod
727 2040 804 2090 tam
828 2048 1009 2107 magnus

242 2128 440 2187 Dominus
463 2136 498 2187 et
521 2127 703 2186 excelsus
726 2144 844 2204 super
865 2145 1009 2191 omnes

240 2226 306 2286 dat
327 2226 484 2286 bomini
508 2223 681 2299 pauperi
707 2234 745 2284 et
767 2228 1009 2300 peccatori:

240 2322 294 2398 qui
324 2323 369 2383 nil
393 2323 524 2399 dignum
555 2322 652 2382 babet
680 2322 718 2382 ad
742 2323 1009 2384 retribuendum.

203 2420 381 2481 zoMultum
401 2437 477 2497 ergo
495 2421 586 2481 Deus
608 2431 752 2496 ametur;
774 2438 906 2498 semper
929 2422 1010 2482 iaus

239 2516 311 2577 eius
342 2518 375 2578 in
407 2535 463 2578 ore
495 2527 663 2578 versetur:
700 2527 731 2577 et
766 2536 902 2595 parvum
940 2536 1008 2594 pro

239 2632 355 2691 magno
378 2615 531 2691 capiatur.
574 2614 691 2676 Totum
716 2616 761 2675 illi
786 2616 992 2677 retribuatur
1000 2636 1009 2693 ;

4 2755 138 2832 κ
238 2723 341 2774 totum
373 2714 402 2772 ei
435 2714 632 2774 ascribatur:
664 2713 718 2790 qui
750 2723 852 2776 totum
886 2713 1008 2790 utique

239 2811 343 2887 dedit,
372 2822 403 2871 et
433 2811 565 2888 indigno
594 2810 767 2871 benefecit.
811 2811 881 2871 Nec
912 2810 1008 2872 aliud

143 2957 145 2965 Α
202 2909 331 2969 steus
361 2908 513 2985 requirit,
541 2908 604 2969 nisi
635 2919 669 2969 ut
691 2927 772 2985 pure
794 2917 939 2981 ametur,
971 2919 1009 2968 et

239 3024 296 3082 pro
328 3006 480 3066 omnibus
511 3006 607 3083 digne
639 3006 805 3081 laudetur;
836 3015 1008 3081 quatenus

186 3112 188 3116 ’
239 3122 313 3165 eum
355 3123 454 3181 super
489 3105 598 3164 omnia
636 3105 790 3178 amando,
826 3100 1008 3179 laudando,

239 3202 445 3277 honorando,
474 3212 506 3262 et
530 3201 649 3278 gratias
671 3201 812 3277 agendo:
842 3200 941 3258 bomo
965 3199 1007 3261 in

239 3298 309 3374 ipso
332 3309 488 3380 perpetue
511 3299 721 3360 beatificetur.
753 3298 870 3359 Arnen.

590 3431 643 3485 33

594 3599 634 3639 208
