2144 4194
192 438 233 490 ω
251 436 424 488 [SERMONES
437 437 475 478 DE
487 437 554 480 VITA
566 438 602 480 ET
612 437 761 481 PASSIONE
773 437 902 491 DOMINI]
919 439 967 491 [ᾧ

194 571 346 631 caelestis
376 582 530 632 aeternus
560 583 592 633 et
621 571 823 633 immortalis
867 573 961 632 Ecce

131 727 136 734 .
194 670 284 730 venit
298 687 364 730 non
380 688 516 747 regnare
532 672 565 731 in
580 672 718 732 mundo:
735 671 794 731 sed
809 671 959 731 salvare:

194 767 351 827 mundum
374 769 533 845 sanguine
556 787 626 829 suo.
670 769 754 829 Ecce
777 770 862 845 Rex,
884 786 957 829 non

195 882 251 924 rex
268 866 488 926 Romanorum
504 876 560 926 aut
576 867 790 928 Francorum:
813 869 871 927 sed
883 867 958 927 Rex

171 978 307 1039 aregum
330 973 362 1024 et
379 963 541 1024 Dominus
564 964 711 1025 omnium
734 965 957 1026 dominorum.

195 1061 259 1120 Per
286 1062 374 1122 hunc
404 1079 498 1139 reges
523 1074 659 1140 regnant
687 1064 720 1124 in
750 1063 887 1122 mundo:
919 1072 959 1122 et

194 1158 265 1218 sine
287 1175 326 1218 eo
349 1176 446 1219 nemo
469 1161 677 1222 coronabitur
698 1161 731 1220 in
752 1161 851 1220 caelo.
880 1159 956 1219 Rex

194 1256 274 1316 caeli
297 1266 347 1317 est
369 1257 448 1333 iste;
475 1268 507 1318 et
528 1259 618 1319 venit
639 1276 705 1318 non
727 1268 846 1318 terram
868 1258 957 1318 acci·

194 1370 289 1428 pere:
312 1354 370 1415 sed
392 1372 528 1431 regnum
552 1357 629 1416 dare
651 1356 802 1417 caeleste.
837 1356 902 1433 Qui
920 1357 954 1417 ei

159 1468 183 1509 ro
194 1451 320 1511 servire
342 1454 498 1530 voluerit,
526 1454 623 1514 faciet
643 1454 735 1514 iilum
765 1471 877 1514 secum
900 1471 955 1514 re·

193 1566 310 1625 gnare3
339 1559 370 1609 et
392 1550 592 1628 quicumque
614 1551 675 1611 sibi
698 1551 852 1612 oboedire
874 1569 955 1612 con·

194 1647 517 1725 tempserit:aregno
529 1649 601 1710 eius
612 1650 766 1710 exclusus
777 1651 846 1710 erit.
865 1650 955 1712 Ecce

195 1745 263 1804 Rex
285 1754 361 1806 tuus
377 1762 474 1822 quem
491 1747 659 1807 desideras
674 1765 771 1823 quem
787 1765 893 1808 amas:
917 1749 954 1809 in

193 1859 291 1918 quem
307 1842 424 1918 credis,
446 1843 527 1904 etin
548 1861 612 1921 quo
629 1861 751 1920 speras.
785 1845 953 1907 Omnibus

159 1961 183 2002 ιε
193 1940 324 2016 quidem
348 1942 506 2002 creaturis
530 1943 598 2002 Rex
620 1952 670 2003 est
689 1944 869 2020 generalis;
889 1943 950 2004 tibi

193 2048 300 2098 autem
324 2055 383 2114 per
403 2056 547 2100 amorem
571 2041 740 2116 specialis:
769 2041 854 2102 sicut
876 2059 952 2118 pro-

193 2135 283 2210 prius
299 2153 441 2212 sponsus
457 2147 489 2197 et
504 2137 629 2198 amicus
651 2138 830 2200 familiaris.
859 2138 953 2200 Tuus

192 2233 341 2310 inquam3
370 2234 446 2311 quia
473 2252 531 2311 pro
563 2245 594 2296 te
617 2235 777 2296 sollicitus
799 2235 952 2313 amplius,

192 2331 248 2391 tibi
271 2331 459 2408 vigilantius
480 2333 641 2394 intentus:
663 2334 720 2394 tibi
737 2334 952 2396 affectuosius

155 2428 378 2505 aoinclinatus‚
400 2431 598 2508 propiorque
616 2432 828 2508 coniunctus3
850 2432 894 2492 ita
916 2442 952 2493 ut

192 2527 302 2588 dicere
330 2545 408 2588 vere
430 2528 555 2604 possis:
588 2530 656 2589 Rex
678 2546 773 2590 meus
801 2538 834 2590 et
858 2530 952 2591 Deus

193 2643 297 2686 meus.
321 2625 404 2686 Nam
421 2627 460 2685 ab
476 2636 609 2685 aeterno
625 2636 656 2686 te
672 2627 799 2688 dilexit:
815 2637 848 2687 et
862 2645 952 2688 nunc

192 2734 227 2784 ut
248 2733 280 2784 te
302 2723 418 2784 liberet
446 2733 478 2783 et
499 2723 618 2798 salvet,
647 2724 687 2784 de
710 2725 799 2785 caelo
821 2744 840 2785 a
861 2743 952 2803 rega-

193 2821 279 2881 libus
295 2821 429 2880 sedibus
444 2820 544 2880 venit.
575 2821 615 2881 In
638 2838 710 2897 quo
733 2823 765 2882 si
787 2824 951 2899 gloriari

156 2919 398 2979 asvolueris:
420 2918 566 2978 nescio
589 2921 778 2996 quomodo
800 2922 951 2997 poteris

194 3015 441 3076 contristari
464 3017 516 3075 vel
539 3017 722 3092 desperare.
766 3019 840 3094 Ipse
862 3019 951 3080 enim

195 3116 263 3175 Rex
278 3125 310 3176 et
326 3115 535 3176 Gubernator
557 3116 720 3177 omnium:
743 3125 775 3176 et
796 3133 880 3193 quae
896 3135 951 3193 po·

193 3221 301 3272 tenter
323 3212 410 3288 fecit,
432 3212 676 3288 sapientissime
700 3213 798 3289 regit;
826 3224 862 3274 ut
883 3232 951 3275 me-

194 3310 254 3370 rito
272 3311 339 3370 Rex
362 3319 394 3370 et
412 3310 574 3370 Dominus
597 3311 660 3371 dici
683 3312 799 3372 debeat
820 3311 951 3372 univer-

156 3424 321 3470 sosorum:
347 3419 379 3467 et
402 3416 478 3468 tuus
499 3418 608 3468 tamen
631 3426 672 3468 ex
694 3408 826 3485 speciali
849 3411 952 3486 gratia

193 3505 362 3565 donorum.
405 3505 455 3566 Ab
484 3506 555 3581 ipso
586 3507 747 3582 dependet
769 3508 895 3567 caelum
919 3518 952 3568 et

558 3610 585 3650 72
