2144 4194
228 455 268 506 Εἰς
286 453 459 505 [SERMONES
471 454 510 496 DE
520 454 587 497 VITA
599 454 634 496 ET
646 453 794 497 PASSIONE
806 455 932 508 bollini]
948 456 990 508 g&

227 604 299 647 rum
315 587 495 663 sedentem,
517 589 569 648 vel
589 589 719 665 populis
734 589 990 665 praedicantem,
1063 566 1064 628 3

226 695 281 745 aut
311 684 407 745 etiam
433 685 466 745 in
496 703 593 745 cruce
621 687 847 762 pendentem?
897 686 989 763 Quid
1060 732 1065 748 .

227 784 343 843 horum
366 783 440 858 plus
463 783 613 858 affectas3
642 784 720 860 quid
743 785 871 845 dulcius
892 784 990 861 sapit,
1061 778 1064 789 '

226 879 304 955 quid
335 890 445 940 movet
476 880 643 962 amplius?
697 881 782 941 Nolo
814 881 920 957 inquit
954 881 989 940 in

204 978 286 1036 abac
303 989 392 1053 parte
408 977 548 1055 eligere3
570 979 659 1038 nolo
675 977 747 1038 mei
765 979 865 1039 iuris
886 996 989 1053 esse,

226 1075 321 1135 nolo
349 1092 474 1134 meam
502 1074 828 1135 inclinationem
851 1077 990 1152 sequi,
1065 1109 1066 1112 κ

226 1189 299 1232 nec
331 1171 518 1247 propriis
550 1171 732 1232 motibus
765 1173 878 1233 duci:
916 1175 988 1233 sed

226 1271 321 1330 volo
343 1270 578 1331 omnimode
602 1270 766 1330 Domini
796 1271 874 1331 mei
898 1272 989 1331 lesu

227 1368 389 1430 Christi
421 1368 689 1444 beneplacito
726 1369 989 1444 contentari;

192 1466 281 1542 ioqui
311 1464 402 1526 novit
430 1465 538 1525 cordis
565 1466 629 1525 mei
659 1476 786 1526 secreta
816 1466 926 1527 rimari
950 1483 988 1526 ac

227 1563 437 1624 invisibiliter
464 1573 651 1640 penetrare:
682 1575 717 1624 ut
745 1564 817 1640 ipse
842 1564 884 1624 sit
906 1564 988 1623 mihi

228 1662 337 1722 omnia
358 1663 392 1721 in
408 1661 571 1736 omnibus,
592 1661 774 1721 secundum
790 1660 988 1738 exigentiam

229 1777 321 1821 meae
350 1759 541 1835 fragilitatis.
585 1758 682 1836 Quod
711 1759 772 1818 sibi
795 1758 900 1835 magis
922 1759 989 1834 pla-

231 1857 335 1918 cuerit
349 1858 411 1916 boc
428 1856 528 1916 libere
543 1865 630 1932 agat;
650 1855 778 1932 qualem
795 1872 832 1915 se
846 1856 990 1916 voluerit

199 1956 466 2029 rademonstrare
481 1955 577 2014 talem
593 1970 629 2012 se
646 1953 725 2012 mibi
737 1953 904 2014 exhibeat:
919 1970 991 2030 gra·

233 2064 300 2112 tum
324 2052 410 2111 enirn
427 2051 488 2111 erit
503 2067 600 2110 omne
622 2051 707 2126 quod
731 2050 855 2111 lecerit.
886 2049 990 2111 Totus

232 2160 282 2210 est
308 2149 387 2209 mihi
416 2149 449 2208 in
472 2148 610 2224 singulis
632 2165 706 2207 cum
729 2157 817 2208 recte
839 2149 990 2224 attend03

232 2263 292 2306 nec
315 2247 380 2305 ulla
401 2245 540 2306 varietas
563 2244 686 2305 formae
706 2245 758 2304 vel
781 2245 895 2305 aetatis
919 2264 990 2306 mu·
1067 2241 1068 2276 ³

231 2344 309 2406 tabit
331 2344 427 2404 iidem
450 2343 611 2403 veritatis:
641 2343 716 2420 quia
745 2343 909 2403 indivisus
938 2356 989 2405 est
1067 2329 1068 2342 ἶ

192 2461 219 2502 20
231 2443 403 2517 Christus,
433 2441 467 2500 in
498 2441 651 2500 omnibus
681 2441 734 2501 his'
770 2441 877 2501 modis
908 2459 988 2501 vere
1069 2491 1070 2496 ,

228 2540 422 2601 adorandus.
458 2537 571 2598 Sentio
594 2538 681 2598 enim
697 2538 777 2598 mibi
801 2539 872 2598 iore
895 2539 989 2599 tutis-

226 2639 363 2698 simum:
380 2635 451 2695 eius
467 2635 600 2694 arbitrio
616 2635 688 2695 sine
702 2652 776 2696 meo
787 2636 889 2696 volito
901 2647 989 2697 stan·

226 2737 312 2796 dum.
350 2735 464 2795 Habeo
486 2745 595 2794 tamen
618 2733 818 2793 desiderium
841 2734 988 2795 incessa-

224 2835 333 2895 biliter
368 2833 547 2893 fervidum:
583 2833 622 2892 ad
658 2833 765 2909 ipsum
802 2832 988 2892 amabiliter

187 2932 427 2994 25intuendum.
453 2931 609 3007 Magnum
626 2930 739 3007 utique
755 2940 787 2991 et
802 2930 984 3006 pretiosum

222 3029 343 3106 gratiae
365 3029 570 3089 donativum:
597 3028 625 3087 si
646 3028 698 3087 vel
720 3044 822 3087 unum
845 3027 985 3088 istorum

223 3143 306 3203 quae
317 3126 416 3203 petivi
431 3125 633 3185 concesserit
644 3124 724 3185 mibi
736 3125 985 3201 speculandum.

224 3225 260 3284 ln
282 3224 335 3284 his
357 3231 568 3300 praeaccepto
596 3239 692 3282 suurn
715 3222 801 3282 velle
824 3231 856 3281 et
878 3222 985 3282 nolle:

224 3333 257 3382 ut
280 3322 334 3389 liat
356 3321 435 3382 mihi
458 3321 639 3380 secundum
656 3321 793 3379 verbum
817 3337 929 3394 suum,
949 3319 984 3379 in

186 3421 310 3484 eoomni
334 3436 369 3479 re
385 3417 591 3480 desiderabili
608 3417 660 3477 vel
676 3416 891 3478 contristabili
911 3418 984 3477 abs·

222 3536 286 3596 que
315 3518 443 3578 delicto.
485 3516 621 3577 Tantum
645 3516 724 3575 velit
752 3525 785 3576 et
812 3531 850 3574 se
873 3514 982 3590 ipsum

584 3620 622 3662 132
