2128 4190
68 427 400 481 mmmm
435 429 479 480 [2¹]
514 429 836 483 ffiffifflfflw

69 579 189 622 amore
220 562 332 637 iusus;
363 562 449 638 quod
480 562 594 623 intime
625 563 835 625 meditantem

71 657 207 718 fortiter
227 657 343 717 ardere
366 657 452 733 facit,
473 668 505 718 et
527 659 578 718 sui
601 658 705 735 ipsius
721 661 754 720 in
769 671 837 721 tan-

69 767 146 815 tum
173 755 341 831 oblivisci,
370 765 404 815 ut
433 766 654 832 contemptum
683 759 835 834 gaudium

70 853 228 929 deputet:
258 865 290 914 et
318 870 402 931 quae
431 854 558 930 corpori
582 856 730 930 poenalia
751 870 838 932 sunt,

71 969 136 1028 pro
163 952 300 1012 minimo
323 952 428 1013 ducat.
471 951 524 1012 Sic
547 954 634 1014 enim
657 955 860 1016 vehemenss

71 1061 205 1111 amator
234 1067 294 1110 suo
327 1050 445 1110 dilecto
477 1051 610 1111 amatori
643 1052 836 1130 configurari

71 1165 136 1224 per
165 1148 338 1225 passiones
368 1148 498 1224 incipit:
527 1149 603 1209 dum
633 1167 669 1210 se
698 1151 840 1212 totaliter

72 1264 111 1306 ac
146 1247 250 1306 libere
280 1246 325 1307 illi
357 1246 486 1307 tribuit:
518 1248 572 1324 qui
603 1265 660 1324 pro
690 1264 726 1308 se
756 1248 839 1308 redi-

73 1345 200 1404 mendo
222 1344 255 1405 in
278 1346 368 1405 nullo
391 1345 452 1405 sibi
476 1345 632 1421 pepercit.
665 1346 751 1405 Hinc
774 1363 839 1405 ma·

74 1442 168 1502 xima
189 1442 294 1503 oritur
314 1442 455 1518 dilectio,
478 1442 634 1518 recipitur
654 1443 875 1519 gratissimam

74 1540 278 1616 consolatio,
307 1540 468 1601 excrescit
496 1540 671 1617 singularis
693 1541 840 1616 devotio;

76 1638 220 1699 moritur
235 1639 373 1698 carnalis
389 1637 538 1713 affectus,
559 1639 704 1700 elevatur
719 1639 752 1698 in
769 1640 839 1699 Deo

76 1737 233 1813 spiritus:
253 1737 455 1797 illuminatur
470 1734 671 1797 intellectus:
687 1747 719 1797 et
733 1746 841 1813 gusta-

77 1843 133 1892 tur
155 1832 292 1893 verbum
316 1835 495 1909 prophetae
517 1833 665 1893 dicentis
698 1834 736 1894 Et
758 1834 840 1895 calix

78 1947 178 1990 meus
193 1931 360 1991 inebrians
375 1947 472 2007 quam
488 1932 675 2007 praeclarus
691 1941 750 1992 est.
776 1931 839 1992 Sed
852 1951 876 1991 15

78 2029 159 2105 quia
188 2030 250 2089 hoc
272 2028 366 2088 valde
388 2045 540 2105 magnum
564 2039 614 2088 est
640 2039 671 2089 et
693 2030 840 2104 arduum,

79 2144 144 2187 nec
174 2125 271 2186 alicui
300 2143 359 2202 per
384 2143 421 2186 se
446 2127 642 2203 attingibiie:
670 2136 841 2203 propterea

79 2235 157 2300 pete
180 2241 318 2301 quaere,
345 2234 377 2284 et
403 2225 497 2300 pulsa
519 2224 626 2284 anima
648 2242 736 2299 mea;
765 2241 842 2300 qua-

79 2333 181 2383 tenus
195 2322 453 2400 benignissimus
469 2323 573 2398 Iesus,
587 2322 705 2398 plenus
719 2321 840 2398 Spiritu

81 2429 197 2480 sancto
214 2430 246 2480 et
260 2420 390 2496 virtute,
412 2421 504 2481 dives
526 2420 560 2480 in
579 2437 694 2481 omnes
717 2420 771 2497 qui
795 2421 877 2481 in·2o

80 2528 203 2578 vocant
224 2518 332 2594 illum,
361 2521 449 2579 hunc
471 2519 628 2594 optimum
651 2521 841 2580 thesaurum

81 2633 183 2693 quem
220 2616 253 2676 in
286 2634 323 2677 se
354 2617 557 2677 reconditum
589 2617 686 2678 habet
716 2618 843 2677 miseri-

82 2714 227 2774 corditer
255 2714 312 2774 tibi
341 2716 480 2791 aperiat:
509 2732 546 2775 ac
567 2714 842 2791 pretiosissimum

82 2811 269 2873 devotionis
298 2825 499 2889 unguentum
523 2831 562 2873 ex
584 2813 686 2873 sacris
713 2813 842 2889 stigma·

82 2911 173 2971 tibus
195 2910 265 2970 suis
287 2910 320 2970 in
336 2921 367 2971 te
383 2927 536 2971 emanare
552 2911 664 2987 faciat3
686 2920 721 2970 ut
736 2911 878 2971 discaszs

83 3020 116 3069 et
139 3017 173 3067 tu
196 3024 314 3083 sugere
336 3009 400 3068 mel
422 3010 463 3069 de
484 3019 585 3085 petra,
607 3010 782 3084 oleumque
802 3008 842 3068 de

83 3123 164 3166 saxo
180 3105 373 3166 durissimo:
395 3107 481 3183 quod
503 3107 655 3183 superbis
674 3107 843 3166 abscondi-

84 3215 153 3279 tur,
182 3204 240 3263 sed
269 3204 448 3264 humilibus
475 3204 667 3281 devotisque
690 3203 843 3264 cordibus

85 3301 246 3378 aperitur3
275 3302 459 3363 carnalibus
481 3311 513 3363 et
534 3312 665 3363 terrena
691 3301 844 3378 sapienti·

84 3400 147 3458 bus
181 3400 323 3459 velatur:
359 3401 417 3460 sed
450 3401 541 3477 puris
574 3412 606 3461 et
638 3400 879 3476 simplicibusso

86 3496 219 3572 saepius
241 3496 413 3574 degustare
436 3499 634 3559 conceditur.
679 3499 769 3558 Haec
794 3507 843 3557 est

115 3602 266 3645 ruomaean.
278 3601 362 3655 Opera.
379 3602 420 3646 111.
450 3603 487 3645 177
714 3603 737 3644 12
