2122 4196
211 475 252 526 ω
269 473 441 527 [SERMONES
454 474 493 516 DE
503 474 570 516 VITA
582 473 617 516 ΕΤ
628 473 777 517 PASSIONE
788 474 915 526 DOMINI]
931 473 977 526 [ᾧ

212 608 342 684 amanti,
364 607 461 667 etiarn
484 607 512 666 si
535 608 659 668 litteras
681 607 815 668 nesciat.
845 606 974 668 Scienti

211 715 319 766 autem
335 705 471 781 litteras,
488 706 527 766 ad
542 706 744 766 intellectum
760 705 975 766 necessarius

212 813 262 864 est
293 803 445 880 spiritus3
480 804 556 881 quia
586 804 659 865 sine
690 803 805 880 spiritu
841 802 974 863 litterae

212 917 325 960 cassae
355 910 447 961 sunt:
483 901 568 962 sicut
599 911 631 962 ct
660 918 777 978 preces
808 900 974 976 insipidae

188 1014 337 1058 somnes.

253 1097 370 1157 insiste
399 1097 497 1173 igitur
523 1097 688 1158 devotioni
712 1096 826 1157 maiori
848 1095 881 1155 in
903 1104 974 1155 tam

211 1211 304 1253 sacro
326 1203 473 1269 tempore
495 1194 655 1254 adventus
679 1193 821 1254 Domini.
856 1192 905 1252 Ab
929 1209 974 1252 eo

211 1301 320 1351 autem
342 1291 528 1367 specialiter
549 1291 602 1351 die
624 1309 688 1368 quo
707 1301 863 1366 cantatur,
884 1307 975 1350 osa-

211 1389 333 1466 pientia
361 1389 394 1449 in
425 1390 508 1450 iesto
538 1390 650 1449 beatae
672 1389 808 1466 virginis
831 1388 974 1464 Luciae3

177 1497 288 1547 rotunc
310 1504 441 1547 sursum
472 1503 529 1547 cor
553 1497 585 1547 et
606 1487 714 1548 anima
735 1488 774 1547 ad
797 1486 972 1549 Christum

212 1585 424 1645 affectuosius
453 1594 530 1645 sunt
557 1584 772 1645 sublevanda:
801 1584 876 1661 quia
897 1583 974 1659 ipse

212 1694 262 1743 est
276 1699 374 1759 quem
390 1683 546 1744 advenire
562 1683 726 1743 desiderat
741 1692 851 1742 sancta
866 1690 975 1741 mater

212 1779 361 1840 ecclesia.
385 1781 475 1840 Haec
491 1780 654 1856 siquidem
670 1779 860 1840 exclamatio
876 1795 972 1838 sanc-

211 1887 318 1937 torum
349 1878 580 1953 prophetarum
617 1877 816 1938 desiderium
852 1876 972 1952 ingens

178 1993 203 2034 rs
212 1974 369 2034 insinuat:
386 1991 446 2034 nec
462 1993 527 2036 non
539 1975 714 2035 cuiuslibet
724 1974 830 2034 fidelis
840 1973 971 2034 animae

212 2073 365 2133 affectum
377 2072 503 2134 Christi
514 2073 655 2150 optantis
666 2073 851 2133 adventum.
875 2069 971 2130 Tam-

212 2188 308 2248 quam
340 2171 426 2231 inter
453 2170 580 2230 votivas
609 2187 725 2247 preces
756 2170 887 2229 diceret.
938 2166 969 2228 Ο

212 2269 296 2329 bone
318 2268 542 2329 amantissime
566 2268 656 2343 Iesu,
685 2285 762 2327 vera
784 2275 816 2326 et
837 2275 973 2326 aeterna
1059 2258 1060 2272 ¹

212 2366 371 2441 sapientia
389 2365 504 2441 Patris,
526 2367 580 2442 qui
604 2383 665 2426 nos
687 2365 879 2426 mirabiliter
901 2382 971 2424 cre-

175 2464 288 2524 aoasti:
311 2463 387 2524 veni
410 2474 442 2524 et
463 2465 553 2524 salva
567 2464 630 2523 iam
654 2465 763 2539 lapsos
778 2461 970 2523 mirabiliori

212 2561 326 2621 ordine
348 2578 412 2638 quo
434 2562 466 2621 id
486 2578 582 2638 agere
598 2561 799 2637 disposuisti.
828 2561 914 2622 Veni
930 2561 971 2621 ad
1058 2571 1059 2588 ³

212 2659 408 2720 visitandum
431 2676 493 2719 nos
515 2659 548 2718 in
571 2660 734 2735 ergastulo
761 2657 887 2734 carniS,
916 2675 973 2717 na-

212 2756 334 2816 scendo
357 2757 428 2816 sine
449 2755 597 2834 contagio
620 2756 744 2832 carnis3
773 2766 808 2817 ut
830 2755 972 2816 liberen-

212 2866 264 2915 tur
290 2855 384 2915 electi
413 2855 459 2914 tui
489 2872 572 2932 quos
602 2856 730 2931 pondus
760 2864 970 2931 peccatorum

177 2962 337 3029 asgravat:
360 2962 391 3012 et
413 2953 529 3013 horror
551 2953 666 3013 mortis
682 2952 824 3029 graviter
845 2951 971 3029 aflligit.
1056 2981 1057 2990 κ

212 3048 295 3109 Veni
318 3049 358 3109 ad
386 3050 635 3110 illuminandum
665 3050 777 3110 mundi
805 3049 971 3124 tenebras

212 3156 244 3206 et
265 3148 456 3207 tenebrosas
479 3163 621 3223 expurga
639 3145 872 3221 conscientias3
893 3163 970 3222 qua-

211 3255 308 3305 tenus
337 3256 544 3321 peccatorum
575 3245 717 3306 vinculis
747 3244 905 3319 absoluti,
936 3244 969 3303 in
1055 3273 1056 3280 .

211 3353 267 3403 tua
295 3343 504 3403 miseratione
535 3343 708 3403 laetemur:
741 3351 837 3418 atque
867 3341 971 3417 gratia

176 3451 266 3502 aotua
281 3441 392 3516 erecti,
414 3458 472 3516 spe
488 3451 696 3502 aeternorum
712 3441 872 3499 bonorum
893 3455 970 3499 con·

212 3540 367 3599 solemur.
419 3538 482 3597 Per
513 3548 544 3598 te
576 3539 650 3598 lesu
683 3537 817 3598 Christe
852 3553 968 3596 verum

578 3641 605 3683 ss
