2114 4168
132 522 135 526 ,
221 463 341 516 amns
368 461 542 505 ammonas
559 462 597 504 oe
612 461 689 504 auus
705 460 833 504 saneris
859 463 981 514 &aare

522 629 675 690 Collecta.

220 726 414 947 Q&
440 782 494 860 qui
520 782 649 842 beatum
670 782 828 842 Thomam
851 793 981 858 aposto·

352 883 419 942 lum
442 889 533 941 tuum
553 880 593 940 ad
608 879 860 956 praedicandum
876 880 981 957 genti-

220 980 281 1041 bus
300 979 396 1040 iidem
412 979 451 1039 ad
468 978 591 1038 Indiam
608 978 704 1054 longe
718 977 932 1038 transmisisti
949 989 982 1038 et

197 1078 395 1140 smultorum
407 1076 639 1136 miraculorum
648 1076 749 1153 gloria
759 1076 868 1153 ipsum
879 1075 981 1135 subli-

220 1174 329 1250 masti,
351 1174 392 1234 da
412 1175 539 1235 cunctis
562 1173 713 1234 fidelibus
735 1171 800 1231 tuis
822 1171 981 1250 suffragia

219 1273 290 1333 eius
306 1270 564 1349 implorantibus,
586 1279 621 1330 ut
640 1269 673 1329 in
690 1269 753 1331 lide
769 1270 982 1332 inveniantur

219 1369 352 1430 stabiles
374 1376 406 1429 et
428 1369 461 1428 in
484 1385 582 1446 opere
605 1366 767 1428 efficaces.
801 1369 865 1430 Per
881 1368 980 1430 Chri-

219 1479 305 1528 stum
330 1466 508 1527 Dominum
531 1475 689 1525 nostrum.

184 1692 207 1732 10
568 1675 623 1723 XV.

218 1793 329 1855 Oratio
351 1794 391 1854 de
415 1793 541 1868 magnis
565 1791 744 1866 privilegiis
771 1792 982 1854 beatissimae

410 1891 536 1952 Mariae
556 1890 782 1965 Magdalanae.

215 2003 423 2224 &illvm
445 2059 634 2121 beatissima
656 2058 761 2119 illaria
780 2057 979 2136 Magdalena

342 2158 506 2222 aChristo
517 2158 700 2235 praeelecta
711 2167 743 2217 et
753 2167 877 2232 vocata,
893 2158 979 2218 mul-

182 2257 258 2320 istis
280 2274 316 2317 ac
339 2256 465 2334 magnis
487 2254 617 2316 divinae
634 2254 861 2315 familiaritatis
876 2255 979 2331 privi-

217 2355 311 2432 legiis
333 2355 515 2415 sublimata.
544 2353 589 2413 Te
611 2370 752 2413 veneror
767 2362 798 2414 et
813 2353 979 2430 collaudo,

216 2461 248 2513 te
270 2453 438 2514 humiliter
459 2454 576 2513 invoco
599 2462 631 2514 et
652 2469 768 2528 exoro,
799 2460 832 2512 te
853 2452 978 2513 affectu

216 2551 460 2611 sincerissimae
500 2549 684 2610 devotionis
723 2551 903 2627 amplector
944 2562 979 2611 et

216 2666 307 2725 amo,
335 2648 488 2726 quoniam
519 2649 613 2709 lesus
641 2657 795 2708 aeternus
823 2664 917 2707 amor
943 2656 977 2708 te

179 2747 329 2808 aodilexit
363 2745 539 2823 plurimum
572 2755 603 2806 et
634 2746 673 2806 ad
705 2744 856 2805 caelestis
887 2745 977 2805 vitae

216 2844 311 2905 traxit
343 2843 516 2921 fastigium.
565 2843 613 2903 Tu
645 2860 681 2903 es
710 2844 765 2904 illa
793 2843 914 2903 nobilis
943 2853 976 2905 et
1048 2851 1049 2898 ἰ

218 2941 439 3003 famosissima
467 2940 572 3001 Maria
601 2939 811 3017 Magdalena‚
839 2941 879 3001 de
910 2958 976 3018 qua

216 3058 309 3100 sacra
330 3039 425 3100 nobis
446 3038 592 3116 pandunt
606 3039 775 3115 evangelia
789 3039 891 3099 multa
905 3039 975 3116 pie·

216 3136 290 3197 tatis
312 3145 344 3197 et
366 3136 546 3197 sanctitatis
569 3153 676 3213 opera.
710 3137 745 3196 ln
766 3145 799 3196 te
820 3144 976 3213 peccator

178 3251 307 3312 asspem
335 3235 468 3310 veniae,
496 3234 604 3294 iustus
632 3234 820 3294 unctionem
849 3234 974 3310 gratiae

215 3332 299 3409 apud
323 3333 445 3393 iontem
468 3332 610 3408 concipit
631 3329 886 3391 misericordiae.
923 3331 972 3392 Tu

215 3446 251 3488 es
267 3428 354 3487 enim
370 3427 425 3488 illa
439 3429 602 3505 quondam
619 3427 783 3488 nominata
797 3430 973 3505 peccatrix,

215 3523 273 3583 sed
296 3541 382 3583 nunc
404 3535 516 3585 sancta
537 3535 569 3584 et
584 3525 692 3585 milies
716 3526 803 3601 lelix,
824 3527 901 3604 quia
923 3546 973 3588 re-

571 3629 612 3669 aaz
