2114 4168
207 405 328 458 <Bm
355 405 529 448 ortationes
545 406 584 446 DE
599 404 675 447 Allis
691 403 819 447 SANCTIS
844 403 975 457 m

210 539 335 602 Christi
359 539 454 599 iidem
478 537 730 598 resurrectionis
754 539 974 615 recuperasti,

209 657 300 715 spem
323 641 438 700 veniae
466 640 618 717 recepisti
645 650 677 700 et
701 639 893 716 ampliorem
917 654 973 695 ca·

209 738 311 799 nitatis
343 738 504 798 fervorem
537 739 645 799 denuo
677 737 880 814 conquisisti.
932 736 971 795 In

208 836 308 896 latere
325 835 449 896 Christi
472 836 702 896 reconciliatus
724 853 760 895 es
780 835 813 895 in
829 835 972 911 palpatis

185 932 399 993 svulneribus
427 942 515 994 totus
544 942 676 993 sanatus
705 950 741 992 es
770 943 802 993 et
830 931 971 994 Christo

208 1031 321 1091 intime
335 1031 514 1107 copulatus.
537 1031 583 1090 Ex
599 1039 711 1107 aperto
727 1031 826 1091 latere
838 1029 970 1090 Christi

208 1127 341 1188 latitudo
364 1127 420 1187 tibi
444 1127 572 1188 influxit
593 1128 723 1188 divinae
745 1126 903 1202 caritatis,
928 1144 970 1187 ex

208 1243 300 1284 sacro
328 1234 414 1285 tactu
442 1225 628 1302 stigmatum
651 1225 810 1284 certitudo
834 1225 890 1286 tibi
920 1225 970 1284 in·

209 1322 298 1383 fulsit
337 1323 529 1384 clarificatae
567 1323 787 1384 humanitatis.
839 1322 888 1382 Tu
927 1340 969 1383 ex

173 1420 305 1480 rodubio
329 1421 433 1481 factus
454 1439 490 1482 es
506 1422 636 1497 certior,
658 1439 698 1482 ex
722 1430 808 1482 tactu
832 1420 969 1494 tirmior,

208 1534 247 1577 ex
269 1519 342 1579 visu
365 1520 553 1595 iucundior,
580 1520 751 1580 exauditu
774 1535 968 1578 sermonum

208 1616 333 1677 Christi
357 1618 490 1677 doctior.
534 1617 588 1677 Nil
615 1634 692 1693 ergo
718 1616 775 1676 tibi
799 1615 968 1676 dubitasse

208 1714 327 1790 nocuit,
349 1715 478 1792 quando
500 1724 547 1775 tot
566 1714 659 1791 signa
673 1713 875 1774 credulitatis
891 1713 967 1772 inde

208 1823 438 1885 provenerunt.
470 1812 499 1873 Ο
522 1811 699 1872 fortissima
722 1811 874 1871 columna
893 1827 967 1869 coe·

174 1928 198 1968 ts
208 1919 260 1968 tus
275 1909 455 1985 apostolici,
474 1927 571 1986 quam
588 1909 705 1969 validis
720 1906 967 1985 probationibus

209 2005 304 2067 iidem
336 2016 479 2067 nostram
512 2008 662 2082 roboraS,
698 2022 793 2082 quam
826 2005 968 2064 libenter

208 2114 296 2165 recte
325 2106 497 2166 credentes
524 2105 683 2182 suscipis,
712 2121 806 2180 quam
838 2103 965 2163 miseri·

208 2203 348 2263 corditer
369 2203 508 2264 inlirmis
530 2202 742 2280 compateris,
771 2218 868 2278 quam
899 2217 963 2260 ma·

207 2301 293 2359 xime
328 2301 361 2360 in
397 2301 460 2361 lide
495 2301 671 2361 titubantes
707 2299 804 2376 erigis
840 2315 878 2357 ac
908 2307 963 2358 tuo

170 2398 366 2474 aoexemplo,
388 2415 429 2457 ne
451 2399 636 2475 desperent,
658 2397 796 2458 dulciter
817 2397 963 2457 consola·

207 2495 261 2555 ris.
292 2493 339 2555 Tu
363 2494 436 2555 lidei
460 2505 590 2555 nostrae
612 2505 741 2555 scutum
764 2494 961 2570 inexpugna-

206 2594 287 2667 bile,
315 2603 349 2654 tu
376 2610 494 2653 ancora
520 2593 589 2669 spei
613 2604 743 2653 nostrae
765 2591 962 2666 firmissima,

206 2703 239 2751 tu
262 2691 403 2750 caritatis
425 2691 575 2765 lucerna,
604 2700 639 2750 tu
666 2689 822 2750 castitatis
848 2706 961 2765 specu·

206 2791 283 2864 lum,
304 2800 338 2849 tu
357 2788 499 2848 iustitiae
514 2804 638 2862 norma,
661 2797 695 2848 tu
710 2786 840 2847 virtutis
855 2787 960 2862 splen-

169 2888 278 2962 25dor,
306 2897 340 2946 tu
370 2885 600 2946 miraculorum
627 2885 739 2961 gloria.
782 2884 811 2946 O
839 2885 960 2960 lampas

206 2983 365 3043 ecclesiae
391 2983 636 3058 ardentissima,
662 2982 814 3042 caelestis
842 2981 959 3057 gratiae

205 3081 348 3140 balsamo
378 3080 517 3156 repleta,
546 3095 641 3155 quam
673 3080 797 3140 fervida
827 3090 904 3139 sunt
930 3089 960 3138 et

206 3179 344 3238 ubertim
368 3176 541 3254 fragrantia
561 3187 636 3235 tuae
659 3175 869 3236 fidelissimae
888 3193 958 3236 con·

207 3275 361 3335 fessionis
382 3277 490 3336 verba.
524 3276 630 3335 Deum
653 3274 740 3334 enim
756 3291 870 3334 verum
887 3291 956 3334 con-

170 3373 315 3434 solessus
347 3391 383 3433 es
414 3384 446 3434 et
476 3373 663 3447 hominem,
693 3372 821 3448 quando
853 3371 956 3432 dilecti

207 3471 350 3546 magistri
373 3473 456 3530 latus
478 3471 610 3547 tetigisti
634 3470 757 3530 dicens.
800 3470 958 3530 Dominus

564 3574 604 3614 sar
