2144 4194
232 432 273 482 &NJ
290 429 463 482 [SERMONES
476 432 513 474 be·
524 431 591 474 VITA
602 431 638 474 ET
650 431 797 475 ensslotte
809 433 930 485 DOMINI]
945 435 982 485 ζ’(ξ)

233 565 428 642 quamdiu
465 566 597 625 fuero.
648 564 695 626 Tu
728 567 813 627 enim
846 567 980 628 invitasti

233 679 306 737 me,
341 663 380 722 ad
412 672 503 723 tuum
541 663 783 724 sanctissimum
816 681 982 741 praesepe:

176 754 177 758 ’
233 761 266 821 in
302 779 366 838 quo
408 762 558 838 dignatus
593 779 630 822 es
672 780 730 839 pro
766 779 819 822 me
856 762 982 838 indigno

234 859 351 919 iacere.
395 859 480 936 Quis
502 876 555 919 me
577 859 655 919 hinc
676 860 780 936 possit
802 859 983 920 abducere?

209 955 339 1015 sNemo
357 955 499 1015 Domine
522 956 614 1017 lesu:
637 957 713 1032 quia
734 957 873 1018 dilectus
894 974 983 1018 meus

232 1069 269 1112 es
304 1062 338 1113 tu
374 1071 392 1113 a
427 1070 492 1130 quo
528 1055 603 1114 nolo
639 1056 781 1130 separari
818 1056 851 1116 in
887 1066 984 1116 aeter·

232 1168 320 1212 num.
367 1152 508 1211 Manebo
538 1151 635 1228 igitur
664 1152 717 1212 hic
743 1152 777 1211 in
806 1152 982 1212 servitio

233 1249 408 1309 Domini
439 1249 541 1323 mei,
573 1260 615 1310 et
646 1249 837 1310 dominae
868 1267 982 1311 meae

232 1357 364 1408 sanctae
386 1346 529 1421 Mariae,
558 1355 589 1407 et
612 1347 715 1407 sancti
739 1348 856 1424 loseph
887 1348 983 1408 nutri-

197 1445 312 1504 rotoris
340 1444 403 1505 tui:
432 1443 460 1503 si
491 1443 574 1504 forte
602 1461 685 1520 opus
714 1444 756 1504 sit
783 1445 906 1521 aliquid
930 1445 983 1505 rni-

232 1542 380 1602 nistrare.
436 1541 562 1601 Faciam
601 1541 799 1618 igniculum,
839 1543 983 1603 conflabo

232 1639 421 1716 diligenter:
457 1639 576 1715 parabo
608 1655 776 1715 mensam,
807 1649 838 1700 et
869 1657 983 1717 aquam

231 1736 415 1812 apportabo.
445 1736 611 1797 Mundabo
627 1754 746 1813 aream,
769 1739 910 1814 scopabo
932 1738 984 1798 do·

231 1835 434 1910 munculam;
457 1834 557 1894 rimas
576 1835 742 1895 obstruam
765 1845 796 1896 et
812 1836 984 1896 foramina:

196 1950 221 1992 15
231 1940 362 2008 propter
383 1930 449 1991 vim
473 1941 644 1992 ventorum
668 1942 700 1992 et
713 1933 867 2009 pluviam.
899 1933 983 1994 Ster-

230 2047 304 2090 nam
335 2031 396 2089 hoc
425 2029 535 2090 nobile
563 2039 595 2090 et
625 2030 733 2106 regale
762 2031 984 2106 praesepium:

230 2144 422 2203 componam
453 2128 609 2188 decenter
636 2128 670 2188 in
701 2145 740 2188 eo
770 2129 901 2188 faenum
933 2129 984 2188 vel

230 2225 402 2286 stramina:
425 2225 500 2302 quia
521 2242 587 2286 non
611 2236 686 2287 sunt
708 2226 761 2285 hic
784 2225 892 2302 aliqua
913 2242 984 2302 pre-

230 2323 313 2383 tiosa
335 2322 532 2383 linteamina.
571 2323 699 2383 Dehinc
722 2339 814 2383 rosas
836 2323 984 2400 colligam

193 2437 221 2479 20
231 2429 262 2480 et
284 2419 366 2480 lilia:
390 2419 487 2480 llores
509 2418 643 2479 afferam
660 2429 692 2480 et
710 2420 873 2496 gramina:
894 2421 985 2481 ador-

231 2516 313 2577 nabo
329 2518 391 2576 hoc
407 2526 556 2578 sanctum
572 2517 780 2593 cunabulum,
802 2518 889 2595 quod
905 2519 983 2578 mihi

230 2633 295 2675 non
325 2615 435 2676 sordet
457 2625 491 2676 ut
513 2615 692 2676 stabulum:
722 2615 780 2675 sed
807 2615 910 2692 magis
932 2617 985 2676 de·

231 2714 327 2773 lectat
341 2729 438 2788 quam
454 2713 622 2788 imperiale
638 2713 802 2789 palatium.
831 2712 984 2791 Aperiam

231 2810 327 2870 etiam
358 2810 551 2887 ienestram3
583 2821 618 2873 ut
647 2812 775 2872 claritas
806 2813 866 2873 Dei
895 2812 986 2874 intus

193 2907 362 2984 refulgeat,
379 2916 411 2968 et
426 2908 528 2968 sancti
545 2909 649 2985 angeli
666 2910 808 2987 desuper
823 2911 985 2972 involent:

230 3015 326 3082 atque
341 3015 439 3065 totam
456 3007 539 3066 hanc
555 3007 686 3068 domum
698 3008 783 3068 dulci
796 3008 985 3069 iubilatione

231 3103 385 3179 repleant.
429 3104 561 3163 ianuam
593 3114 687 3164 caute
715 3105 914 3182 custodiam3
942 3123 984 3167 ne

232 3201 381 3261 Herodes
410 3200 508 3260 intret
536 3201 575 3260 ad
597 3202 799 3277 perdendum
828 3221 984 3280 puerum:
1059 3249 1060 3258 ,

230 3316 327 3376 quem
337 3299 467 3375 suscepi
478 3299 616 3359 fideliter
624 3301 884 3362 custodiendum.
901 3302 983 3362 Nam

193 3397 321 3474 soprius
343 3415 396 3458 me
411 3406 540 3475 paterer
554 3397 674 3458 occidi:
697 3414 793 3474 quarn
809 3399 984 3476 sacrilegas

231 3509 347 3552 manus
362 3493 395 3554 in
411 3494 502 3554 illum
519 3495 611 3554 mitti.
637 3495 675 3555 Et
690 3496 717 3555 si
732 3513 871 3556 neeesse
888 3497 985 3557 fuerit
