2118 4186
217 441 338 493 amns
356 441 531 484 oalrrouas
548 443 586 484 oa
602 441 694 484 bearn
709 443 837 486 vmcma
856 445 979 497 :saw

219 586 251 636 et
266 576 431 650 exuberat,
446 577 612 651 parvulam
624 577 703 636 mihi
716 578 977 638 consolationem

220 673 362 734 effunde.
405 674 462 733 Est
490 674 577 734 enim
608 692 665 750 pro
695 677 858 750 praesenti
882 678 979 737 valde
1043 749 1044 762 χ

220 771 407 832 necessaria
433 782 465 831 et
486 773 574 832 omni
598 783 744 849 tempore
766 775 980 850 acceptabilis

221 888 281 930 nec
313 887 465 947 umquam
498 887 556 946 pro
587 870 748 946 paucitate
780 871 980 932 fastidibilis.

197 967 340 1028 sTantae
362 968 524 1044 siquidem
547 967 714 1028 efficaciae
736 979 786 1029 est
808 981 839 1030 et
862 972 981 1031 nobili-

219 1067 293 1126 tatis
325 1066 421 1126 etiam
452 1067 576 1141 guttula
607 1066 733 1125 stillans
764 1085 803 1127 ex
833 1087 889 1129 ore
921 1080 980 1129 tuo

220 1182 319 1240 super
348 1164 431 1224 labia
460 1181 547 1222 mea:
577 1173 611 1223 ut
639 1163 711 1223 eius
734 1167 979 1240 comparatione

219 1262 284 1321 vile
313 1261 355 1321 sit
384 1271 415 1321 et
443 1262 581 1321 nihilum
609 1279 706 1322 omne
728 1263 921 1324 delectabile
945 1266 978 1324 in

220 1361 280 1419 hac
302 1361 376 1420 vita.
419 1361 603 1437 Propterea,
625 1362 839 1422 dilectissima
861 1362 979 1436 Maria,
1044 1419 1045 1424 ,

186 1473 210 1513 ro
220 1458 312 1517 dives
335 1467 366 1518 et
388 1459 475 1535 larga
495 1459 526 1518 in
544 1460 648 1534 donis,
670 1461 703 1519 in
719 1460 829 1520 verbis
845 1477 978 1536 quoque

219 1556 340 1631 gratiae
370 1556 562 1618 mirabiliter
583 1559 710 1618 suavis:
740 1558 772 1618 in
796 1559 891 1618 cuius
914 1559 978 1618 vir-

218 1654 316 1730 ginali
346 1664 438 1714 utero
468 1674 595 1716 summa
622 1656 777 1716 habitavit
800 1656 978 1731 Sapientia,

220 1761 254 1811 ut
282 1769 379 1827 quam
403 1752 543 1828 Spiritus
569 1763 702 1813 sanctus
724 1754 763 1812 ab
786 1753 879 1813 initio
901 1771 979 1814 con-

220 1851 374 1926 secravit,
396 1853 532 1928 angelus
553 1851 739 1925 custodivit,
761 1851 979 1927 archangelus

187 1965 210 2004 15
220 1948 339 2023 docuit,
354 1949 458 2008 virtus
473 1947 634 2008 Altissimi
646 1949 860 2023 obumbravit,
878 1949 978 2009 refice

220 2063 272 2105 me
295 2046 490 2105 salutaribus
509 2046 642 2106 monitis
658 2046 732 2106 tuis.
762 2047 823 2106 Dic
838 2047 976 2107 verbum
1045 2096 1046 2111 l

220 2153 354 2218 tantum,
376 2154 408 2204 et
430 2143 650 2203 consolabitur
664 2143 772 2202 anima
787 2161 869 2203 mea.
902 2144 977 2204 Non

220 2250 294 2315 peto
324 2257 392 2300 rern
421 2240 589 2301 difficilem
619 2257 680 2300 nec
709 2241 830 2316 aliquid
857 2241 978 2317 impos.

220 2336 331 2411 sibile,
363 2338 420 2397 sed
443 2339 505 2397 hoc
534 2347 657 2397 tantum
685 2355 817 2414 precor,
846 2338 979 2399 domina

183 2453 302 2510 aomea,
325 2437 459 2512 loquere
481 2437 560 2496 mihi
577 2437 712 2496 verbum
731 2435 843 2495 solacii
861 2436 979 2510 intimi,

220 2533 305 2608 quod
335 2534 456 2593 auditui
487 2551 560 2594 meo
583 2535 637 2594 det
657 2533 810 2610 gaudium
834 2544 866 2593 et
888 2535 978 2593 laeti-

219 2631 306 2689 tiam.
350 2630 386 2689 ln
415 2632 611 2691 necessitate
643 2648 715 2690 mea
746 2632 784 2690 ad
806 2640 838 2692 te
861 2632 977 2692 venio:

220 2727 270 2787 eia
299 2728 430 2804 suscipe
459 2746 511 2789 me
540 2731 631 2789 vultu
660 2729 810 2804 benigno.
855 2729 891 2788 ln
914 2731 977 2788 hoc

220 2836 396 2900 cognoscet
418 2844 535 2886 servus
556 2837 642 2902 tuus,
665 2827 741 2903 quia
763 2827 888 2887 invenit
907 2845 977 2903 gra-

183 2922 295 2982 ostiam
333 2939 440 2982 coram
477 2924 582 2984 oculis
613 2924 694 2984 tuis:
730 2924 758 2983 si
791 2924 820 2983 ei
853 2924 976 3000 aliquid

220 3021 389 3081 amicabile
420 3023 611 3096 protuleris:
647 3022 674 3082 si
707 3021 976 3095 consolationem,

219 3136 315 3196 quam
339 3137 356 3178 a
378 3129 410 3178 te
432 3129 594 3194 expectat,
620 3136 685 3178 non
709 3119 763 3178 diu
786 3118 976 3178 tardaveris.

259 3218 361 3291 Veni,
390 3217 558 3276 carissima
580 3217 701 3291 Maria,
722 3234 796 3275 cum
819 3217 977 3276 mellillua

220 3314 374 3375 unctione
403 3325 457 3374 tua
485 3315 524 3373 ad
553 3314 750 3374 visitandum
783 3331 975 3374 cormeum

182 3413 252 3471 soin
275 3412 482 3472 tribulatione
500 3429 569 3486 sua,
591 3412 667 3487 quia
688 3422 722 3472 tu
746 3412 866 3487 optime
889 3412 974 3471 nosti

220 3508 323 3567 lenire
352 3509 483 3567 dolores
511 3508 619 3567 cordis
648 3518 679 3568 et
707 3509 746 3567 ad
776 3525 888 3584 pacem
912 3509 976 3584 pri·

578 3611 618 3651 asa
