2128 4190
65 461 395 513 mmmm
433 461 477 512 [26]
511 461 831 514 ffifflssldfflsfflw

66 594 211 670 cupiens
240 611 356 654 sanare
386 603 576 670 peccatores
605 604 637 654 et
663 613 681 654 a
707 595 833 672 laqueis

66 691 191 751 diaboli
215 691 360 768 eripere,
382 708 498 769 graves
520 700 553 752 et
574 693 689 769 longos
710 692 833 753 crucia-

65 799 121 850 tus
154 789 188 850 in
218 791 425 851 sanctissimo
452 806 589 866 corpore
618 807 678 850 suo
705 789 833 866 excepit

65 896 99 947 et
122 887 276 963 pertulit;
301 898 335 948 ut
357 905 415 964 per
437 888 624 963 corporales
646 887 777 948 dolores
799 888 831 948 in

66 985 219 1062 quinque
248 986 402 1046 sensibus
433 985 503 1045 suis
531 984 726 1045 medicinam
757 1002 855 1045 con-s

66 1082 174 1142 ferret
202 1083 371 1164 animabus
401 1083 540 1144 nostris:
572 1092 604 1142 et
633 1100 750 1143 omnes
779 1083 831 1143 de-

65 1179 265 1240 lectationes
288 1180 395 1241 carnis
418 1198 501 1258 quae
519 1180 659 1240 militant
674 1181 832 1241 adversus

66 1278 236 1353 spiritum,
251 1279 384 1339 doceret
399 1296 474 1339 esse
490 1278 661 1355 fugiendas
676 1288 708 1338 et
723 1279 832 1339 morti-

67 1374 227 1436 ficandas.
250 1377 300 1436 Ne
316 1393 393 1453 ergo
411 1378 502 1436 Deus
518 1376 684 1454 hominem
701 1386 833 1452 propter

68 1483 207 1547 peccata
229 1491 288 1533 sua
307 1473 514 1534 aeternaliter
529 1475 659 1549 puniret
674 1475 728 1552 qui
745 1491 832 1534 sum·
844 1491 868 1532 ro

67 1589 164 1631 mum
185 1573 305 1632 bonum
322 1565 480 1632 descrens
496 1573 654 1633 creaturis
669 1573 832 1649 adhaesit3

67 1669 147 1744 pius
172 1669 333 1730 Dominus
356 1669 513 1731 Christus
537 1672 620 1730 hanc
642 1670 676 1730 in
698 1687 734 1731 se
757 1688 832 1747 poe-

67 1784 147 1827 nam
178 1769 390 1844 temporalem
420 1779 452 1828 et
478 1779 616 1829 mortem
640 1769 747 1828 carnis
772 1786 831 1845 pro

68 1865 180 1941 culpis
202 1865 323 1926 nostris
345 1866 417 1926 sine
440 1865 527 1925 omni
552 1867 646 1942 culpa
668 1866 831 1942 suscepit:

68 1973 104 2022 ut
136 1962 218 2022 iram
242 1963 347 2024 Patris
375 1964 533 2040 placaret,
562 1973 594 2023 et
622 1963 660 2022 ab
689 1963 831 2023 aeternis
843 1983 867 2023 rs

69 2060 191 2135 poenis
213 2078 273 2120 nos
295 2061 456 2122 liberaret.

111 2158 180 2218 Sed
202 2158 264 2218 iam
281 2160 319 2219 ad
335 2159 463 2236 singula
478 2159 624 2218 membra
639 2159 830 2219 vulneribus

69 2254 217 2315 sauciata
239 2257 369 2316 oculum
393 2256 501 2317 cordis
524 2267 694 2317 converte:
724 2268 756 2318 et
777 2258 830 2334 pio

69 2355 312 2431 compassionis
334 2354 454 2415 affectu
477 2355 627 2415 lacrimas
650 2354 759 2415 funde.
801 2353 830 2414 A

69 2454 183 2528 planta
198 2452 290 2529 pedis
305 2452 430 2529 incipe3
452 2463 484 2513 et
499 2468 604 2528 usque
620 2452 658 2511 ad
674 2452 828 2512 verticem
839 2474 865 2515 20

69 2551 189 2627 capitis
211 2551 368 2610 ascende:
391 2549 467 2627 quia
489 2560 590 2610 totum
614 2566 733 2625 corpus
756 2550 830 2609 Iesu

69 2649 232 2724 repletum
256 2658 306 2712 est
330 2647 535 2707 amarissimo
558 2647 679 2708 dolore.
723 2647 830 2707 Enim-

69 2763 152 2806 vero
175 2745 202 2805 si
225 2756 259 2806 tu
282 2745 345 2805 iam
373 2745 406 2804 in
429 2744 483 2805 tali
506 2761 599 2805 esses
622 2745 750 2820 dolore,
777 2755 831 2804 aut

70 2845 200 2904 iaceres
236 2843 269 2902 in
304 2843 435 2919 grabato
470 2852 621 2919 gravatus
656 2844 830 2920 languore3

69 2959 182 3003 nonne
214 2942 357 3017 placeret
385 2941 439 3018 qui
472 2941 528 3001 tibi
560 2941 763 3016 condoleret,
798 2952 865 3002 etas

70 3038 262 3115 displiceret
277 3039 331 3115 qui
347 3049 379 3098 te
395 3039 606 3115 neglegenter
615 3039 830 3115 praeteriret?

69 3137 155 3198 Vide
185 3154 262 3213 ergo
293 3137 470 3197 Dominum
501 3138 608 3198 Iesum
638 3147 769 3213 propter
797 3146 828 3196 te

69 3252 222 3310 passum,
251 3244 383 3310 propter
411 3244 442 3294 te
463 3236 669 3295 vulneratum
692 3244 723 3293 et
745 3250 829 3293 mor·

69 3343 181 3408 tuum3
201 3342 233 3392 ct
248 3332 365 3392 habeto
381 3349 480 3408 super
495 3332 647 3392 omnibus
662 3330 829 3391 doloribus

70 3430 143 3490 eius
173 3429 212 3489 ad
242 3429 350 3489 minus
379 3430 552 3506 gemitum:
584 3429 611 3489 si
641 3445 706 3488 non
736 3439 865 3504 potesao

71 3527 192 3587 elicere
233 3528 407 3602 planctum.
460 3526 546 3588 Cum
587 3527 673 3586 enirn
714 3526 828 3585 beatus

99 3630 397 3684 ThomaeaK.0pera.lll.
431 3631 468 3672 241
697 3631 722 3672 16
