2144 4194
70 455 396 508 mmm
439 457 470 508 [2]
511 457 832 512 QQQQW

72 589 240 650 liberabit:
265 589 397 650 vincula
417 589 538 650 inlemi
562 591 723 667 destruet,
745 601 778 652 et
799 592 832 652 in

72 687 261 764 paradisum
284 687 408 748 electos
430 705 509 749 suos
531 689 696 765 perducet.

113 785 143 846 O
176 785 205 844 si
241 786 327 845 bene
357 786 567 863 intellegeres
598 796 630 846 et
661 786 833 863 diligenter

71 884 354 944 animadverteres
380 882 486 960 qualis
515 899 551 941 ac
574 893 713 958 quantae
735 884 832 945 maie·

71 982 165 1043 statis
188 981 232 1042 sit
253 981 316 1042 iste
335 981 403 1041 Rex
424 979 563 1057 gloriae3
585 982 751 1042 attolleres
773 981 856 1042 uti-5

72 1099 136 1158 que
158 1092 271 1158 portas
294 1079 402 1140 cordis
423 1079 469 1139 tui
492 1079 777 1155 affectuosissime,
801 1088 833 1140 et

71 1179 303 1239 introduceres
323 1179 363 1238 ad
384 1188 416 1239 te
439 1179 561 1255 Regem
583 1179 739 1255 perennis
767 1179 833 1255 glo-

71 1277 156 1338 riae:
182 1277 259 1353 quia
282 1293 356 1336 cum
378 1293 507 1336 summa
528 1276 736 1352 exultatione,
759 1293 832 1335 cum

70 1374 197 1452 ingenti
213 1375 349 1450 honore,
365 1383 396 1435 et
411 1374 562 1435 sollemni
578 1374 833 1451 praeparatione,

71 1473 168 1533 decet
190 1473 289 1533 talem
311 1489 348 1532 ac
370 1481 494 1532 tantum
511 1473 633 1549 Regem
654 1472 870 1548 susciperem

72 1570 106 1631 Si
130 1570 221 1630 enim
244 1571 432 1630 mandasset
453 1569 509 1630 tibi
529 1586 585 1629 rex
601 1570 719 1647 aliquis
734 1579 834 1630 terre-

70 1687 153 1744 nus,
178 1678 234 1729 aut
255 1685 342 1728 unus
364 1685 404 1729 ex
426 1667 628 1744 principibus
650 1667 739 1743 eiuS,
762 1684 834 1727 cras

71 1765 205 1826 veniam
227 1766 266 1825 ad
282 1775 326 1842 te,
347 1783 424 1843 para
446 1765 526 1826 mihi
549 1765 737 1841 hospitium,
759 1765 833 1826 volo

70 1866 159 1942 apud
178 1876 211 1925 te
228 1865 432 1925 mansionem
449 1865 575 1940 lacere;
595 1863 723 1940 qualem
739 1873 834 1939 putas

71 1963 217 2022 haberes
239 1962 511 2038 sollicitudinem,
537 1972 755 2039 quantamque
777 1962 833 2022 du·
845 1983 870 2023 15

72 2076 171 2120 ceres
191 2060 468 2120 admirationem?
500 2061 596 2120 Nunc
612 2077 689 2121 ecce
705 2060 834 2120 mandat

70 2158 132 2218 tibi
149 2159 220 2218 Rex
242 2158 282 2218 de
298 2159 388 2218 caelo
404 2158 542 2235 loquens
560 2175 619 2234 per
633 2160 834 2235 prophetam,

71 2273 270 2333 praeparare
298 2257 332 2316 in
359 2273 532 2317 occursum
557 2256 617 2317 Dei
646 2256 693 2316 tui
718 2255 834 2316 Israel:

72 2354 152 2431 quia
180 2370 241 2430 ego
268 2354 398 2414 veniam
427 2365 459 2415 et
486 2354 637 2415 habitabo
666 2354 700 2414 in
727 2354 834 2414 medio

71 2453 130 2514 tui.
176 2451 301 2512 Idcirco
328 2453 367 2512 ad
393 2454 481 2512 hunc
503 2452 748 2528 suscipiendum
778 2453 871 2512 ho-zo

72 2551 205 2627 spitem,
222 2550 330 2609 cordis
346 2550 391 2610 tui
408 2550 529 2610 adorna
543 2551 737 2626 thalamum,
760 2549 835 2626 quia

74 2665 141 2708 non
164 2648 273 2707 solum
294 2648 333 2707 ad
355 2657 387 2708 te
402 2648 526 2724 venire,
547 2649 606 2708 sed
629 2647 725 2707 etiam
747 2647 781 2707 in
802 2656 834 2707 te

73 2745 223 2806 habitare
248 2745 426 2806 desiderat:
456 2755 487 2807 et
513 2755 676 2822 tamquam
704 2745 737 2805 in
766 2747 834 2806 tha·

74 2842 161 2902 lamo
184 2843 331 2902 suaviter
352 2843 571 2919 requiescere.
614 2843 704 2904 Felix
727 2843 835 2903 anima

74 2957 160 3016 quae
186 2939 221 2999 in
248 2957 285 3000 se
307 2940 406 3001 huius
428 2941 506 3001 tanti
529 2941 669 3018 hospitis
690 2950 870 3002 mereturzs

74 3038 271 3097 adventum:
293 3047 324 3098 et
340 3055 437 3114 quem
453 3039 560 3099 omnis
576 3047 723 3099 creatura
738 3038 834 3115 digne

74 3151 142 3196 non
165 3135 268 3211 capit,
290 3135 361 3212 ipsa
381 3137 578 3197 amativis
603 3137 834 3197 desideriis

75 3235 113 3295 in
136 3233 479 3294 secretissimum
502 3234 632 3295 trahit
654 3243 835 3311 secretum3

75 3342 110 3392 ut
139 3340 229 3392 tanto
259 3331 389 3391 lelicius
412 3331 501 3391 intus
523 3332 686 3408 quiescat:
714 3343 834 3408 quanto

76 3429 223 3490 exterius
246 3428 327 3489 nihil
343 3445 413 3489 eam
430 3430 577 3490 delectat.
614 3429 715 3489 Beata
729 3430 870 3507 plane,ao

76 3527 115 3586 ad
145 3543 243 3603 quam
272 3525 386 3587 venire
410 3527 559 3603 dignatur
579 3525 770 3587 Altissimus
795 3528 834 3588 de

444 3631 470 3673 75
