2118 4186
215 446 255 495 aa
273 442 444 495 [sermones
457 443 496 484 or:
507 440 573 483 vnn
585 440 619 482 er
631 440 778 482 PASSlONE
791 440 917 492 conlui]
934 441 975 492 se.)

219 578 346 637 frenum
376 576 415 636 ad
438 575 625 636 tenendum.
667 574 697 636 Ο
719 575 802 635 mira
824 575 885 634 Dei
910 576 978 635 cle·
1050 553 1051 570 ¹

217 675 355 749 mentia,
383 690 495 734 sessor
522 674 614 734 aselli
644 673 714 733 lieri
744 673 893 749 dignatus
924 683 976 734 est

217 783 330 833 auctor
349 772 488 832 saeculi:
511 789 585 832 cum
608 771 646 831 ad
662 770 806 831 inclitam
822 783 977 847 pergeret

219 872 493 948 Hierosolymam.
510 869 575 930 Sed
584 869 706 929 multae
718 877 933 944 suntcausae,
944 881 979 929 et
1051 949 1052 952 Ἴ

195 969 312 1029 svalde
347 966 557 1029 rationabiles
592 977 625 1028 et
656 967 838 1028 virtuosae:
873 985 978 1044 quare

218 1066 346 1127 asinum
369 1067 562 1127 conscendit
588 1076 620 1127 et
640 1082 707 1125 non
729 1083 860 1142 equum.
903 1066 979 1144 Egit
1052 1137 1053 1144 ἶ

218 1165 280 1224 hoc
292 1164 448 1225 Christus
464 1163 623 1241 sapientia
635 1163 749 1238 Patris,
760 1173 795 1224 ut
805 1165 980 1241 prophetia
1052 1145 1053 1226 i

219 1263 259 1323 de
287 1263 428 1322 adventu
457 1281 518 1323 suo
545 1262 737 1338 impleretur
762 1278 828 1322 non
849 1271 977 1322 tantum
1052 1245 1053 1252 ἵ

219 1361 329 1420 verbis
364 1360 529 1438 mysticis:
565 1361 623 1421 sed
654 1360 751 1420 etiam
782 1359 891 1436 aliquo
923 1376 980 1420 ex-

187 1478 211 1518 ro
220 1458 331 1518 teriori
355 1458 439 1518 lacto
461 1467 698 1518 monstraretur
713 1458 902 1517 hominibus
918 1475 980 1534 pro

221 1557 409 1617 testimonio
420 1557 535 1617 dando.
559 1557 749 1632 Exemplum
766 1555 864 1615 etiam
877 1555 981 1614 maxi·
1053 1589 1054 1598 κ

221 1671 310 1715 mum
340 1654 373 1714 in
403 1655 465 1714 hoc
494 1654 582 1714 dedit
604 1671 701 1714 verae
730 1652 925 1714 humilitatis
948 1663 982 1712 et

222 1761 353 1812 sanctae
384 1752 599 1828 paupertatis:
629 1753 669 1812 ad
700 1749 980 1827 comprimendam

223 1851 392 1912 hominum
415 1850 599 1926 superbiam
618 1859 651 1910 et
665 1849 850 1925 avaritiam3
872 1849 980 1924 quiin

190 1949 403 2010 ishonoribus
434 1957 466 2008 et
496 1948 618 2009 divitiis
646 1966 683 2008 ac
711 1965 828 2024 magna
856 1947 982 2006 familia

224 2048 441 2108 delectantur:
472 2047 659 2123 quaerendo
689 2045 825 2122 gloriam
853 2055 981 2121 tempo-

224 2146 335 2220 ralem,
357 2154 389 2205 et
411 2145 581 2205 commoda
602 2145 802 2206 deliciarum.
832 2144 866 2205 Si
889 2145 980 2205 enim

225 2246 294 2303 Rex
322 2251 435 2302 noster
461 2242 623 2303 Dominus
645 2243 739 2302 Iesus
761 2243 917 2304 Christus
946 2243 981 2302 in

224 2341 378 2401 comitatu
394 2357 454 2400 suo
470 2342 642 2416 pulchrum
659 2358 780 2417 equum
796 2341 983 2415 habuisset3

187 2439 298 2515 anquis
326 2449 390 2498 tam
413 2455 537 2515 pauper
558 2448 647 2498 esset
668 2439 722 2515 qui
746 2439 893 2514 equitare
913 2455 981 2498 non

224 2537 379 2611 ambiret,
415 2546 447 2596 et
482 2536 605 2597 diceret
637 2536 713 2612 quia
745 2536 900 2597 Christus
931 2536 981 2596 sic

224 2634 328 2695 fecit?
356 2634 466 2712 Quare
482 2651 558 2710 ergo
575 2633 654 2694 mihi
671 2633 854 2693 nonlicet?
881 2633 981 2692 Proui

224 2741 300 2792 sunt
329 2731 416 2791 enim
445 2748 566 2791 sensus
594 2731 763 2791 hominum
786 2731 819 2790 in
842 2731 983 2792 malum:

224 2838 256 2890 et
279 2830 348 2890 lere
370 2846 486 2889 omnes
507 2830 661 2889 anhelant
675 2830 714 2890 ad
735 2830 834 2890 altum
851 2839 981 2892 statum.

129 2971 132 2978 .
188 2928 321 2988 zsNunc
352 2936 459 2986 autem
493 2923 648 2988 Christus
681 2928 749 2986 Rex
780 2928 916 2988 humilis
950 2938 982 2988 et

225 3035 416 3085 mansuetus
438 3034 612 3086 contentus
631 3025 691 3086 luit
705 3025 819 3085 venire
838 3025 872 3084 in
888 3025 981 3085 asino

224 3122 310 3182 sicut
335 3122 494 3198 praedixit
524 3123 665 3199 Spiritus
693 3133 825 3184 sanctus
855 3123 895 3183 de
925 3140 982 3184 eo:

225 3220 279 3297 qui
296 3237 396 3296 super
411 3221 568 3280 humilem
585 3229 617 3280 et
632 3221 777 3298 quietum
794 3220 984 3298 requiescit,

226 3328 258 3379 et
273 3318 355 3378 colla
370 3319 585 3393 superborum
602 3327 634 3378 et
649 3318 837 3378 sublimium
852 3319 983 3396 propria

189 3435 216 3476 ao
226 3416 345 3478 virtute
360 3416 478 3493 calcat3
497 3416 552 3492 qui
569 3416 665 3476 dorsa
680 3433 792 3493 regum
808 3416 984 3477 subvertit:

226 3531 262 3572 ac
273 3523 401 3573 mentes
412 3530 584 3588 perversas
596 3522 627 3572 et
639 3513 730 3573 fictas
740 3513 891 3574 declinat.
914 3516 982 3574 Rex

582 3616 623 3657 aaa
