2118 4186
245 483 286 535 &3
303 482 475 535 [SERMONES
488 483 527 525 DE
536 482 604 524 vtTn
614 482 650 525 ΕΤ
661 481 808 526 PASSIONE
819 482 949 536 DOMINI]
965 483 1004 534 ἴς.)

246 633 325 677 vero
352 616 489 677 orationi
519 626 551 677 et
576 615 807 693 praedicationi
829 615 1005 690 instabant,

246 726 342 792 prout
362 734 381 776 a
403 715 552 792 Spiritu
575 722 709 773 sancto
732 715 858 774 edocti
882 724 1004 788 erant,

247 814 516 890 spiritualia
549 812 855 887 temporalibus
891 830 1004 889 prae-

248 910 455 971 ferentes:
477 920 509 971 et
530 919 643 971 contra
664 909 875 986 quaestiones
898 919 1005 971 motas

224 1018 278 1069 set
294 1025 390 1069 casus
405 1017 611 1085 emergentes
626 1007 708 1084 legis
723 1017 756 1067 et
769 1009 1002 1084 prophetarum

245 1107 433 1168 testimonia
467 1107 681 1183 protulerunt.
732 1104 862 1166 Adiecit
894 1115 1002 1166 autem

246 1205 387 1283 Spiritus
410 1215 542 1265 sanctus
558 1205 663 1264 adhuc
678 1203 775 1264 latius
790 1221 851 1264 sua
864 1220 1004 1264 munera

245 1302 374 1364 noviter
405 1301 574 1364 conversis
609 1301 778 1378 impartiri.
828 1302 912 1362 Nam
944 1301 1004 1361 im·

245 1402 346 1478 plevit
380 1401 538 1479 quosdam
574 1417 614 1459 ex
645 1399 854 1460 credentibus
886 1400 1003 1476 spiritu

212 1518 236 1558 ro
246 1499 435 1576 prophetiae
470 1499 509 1559 ad
545 1496 803 1558 consolationem
839 1497 1002 1557 ecclesiae

245 1596 445 1672 primitivae:
481 1594 621 1655 instituit
656 1595 812 1670 quosdam
850 1595 1003 1657 doctores

245 1695 284 1755 ad
306 1695 555 1755 instructionem
575 1693 818 1769 imperitorum3
841 1693 1005 1753 convertit

245 1791 340 1852 etiam
352 1793 464 1868 plures
479 1792 677 1868 sacerdotes
692 1801 724 1852 et
735 1790 817 1868 legis
829 1791 1004 1868 magistros

245 1890 284 1949 ad
310 1890 530 1966 evangelicam
553 1890 740 1950 veritatem:
770 1889 848 1950 lecit
870 1906 1003 1966 quoque

211 2010 235 2050 15
245 1987 337 2063 signa
359 1997 390 2047 et
412 1988 558 2065 prodigia
579 1989 680 2048 multa
701 1989 787 2048 inter
801 1997 918 2064 gentes
933 1988 1004 2047 lon-

244 2085 382 2162 ginquas
413 2087 452 2146 ad
481 2085 578 2145 tidem
609 2084 800 2146 catholicam
823 2102 1005 2162 propagan-

244 2183 327 2243 dam.
371 2183 459 2244 Vidit
487 2183 549 2243 ista
578 2193 610 2243 et
641 2183 757 2243 invidit
785 2183 1005 2243 saevissimus

244 2280 349 2340 hostis
364 2281 530 2356 diabolus;
549 2281 652 2341 doluit
667 2291 699 2341 et
714 2281 891 2341 commovit
906 2297 1005 2356 reges

244 2387 276 2438 et
302 2378 468 2454 principes
489 2388 612 2440 terrae:
641 2389 677 2439 ut
697 2378 880 2438 insanirent
901 2379 1006 2438 armis

207 2496 234 2536 ao
244 2484 276 2536 et
290 2489 568 2552 persequerentur
582 2478 704 2555 ubique
720 2476 843 2536 fideles.
872 2475 910 2534 Et
925 2475 1006 2551 quia

245 2573 487 2650 Hierosolymis
502 2576 606 2636 maior
619 2575 721 2653 gratia
738 2573 851 2650 viguit,
873 2583 905 2633 et
926 2590 1005 2648 apo·

244 2670 380 2732 stolicus
411 2671 522 2733 fervor
556 2674 653 2733 altius
689 2689 840 2732 crescere
875 2672 1004 2747 coepit3

243 2769 317 2829 ideo
344 2779 472 2829 satanas
494 2770 538 2830 ibi
561 2770 675 2830 durius
697 2768 847 2844 fremuit,
876 2779 908 2828 et
929 2786 1002 2844 per-

243 2869 423 2929 secutionis
459 2868 586 2944 llagello
621 2867 799 2944 primordia
833 2867 1002 2926 nascentis

206 2966 403 3028 aeecclesiae
432 2965 623 3042 extinguere
650 2975 786 3025 conatus
808 2975 873 3024 est:
903 2973 1001 3040 atque

244 3065 283 3123 de
312 3063 393 3124 locis
422 3063 492 3124 suis
514 3064 553 3123 ad
575 3071 703 3123 exteras
724 3062 876 3123 nationes
897 3062 1002 3122 venti·
1048 3083 1049 3096 ¹

243 3163 319 3222 lare.
363 3162 486 3222 Verum
515 3162 598 3221 hanc
626 3160 743 3220 diaboli
766 3161 941 3237 malitiam,
970 3171 1002 3221 et

243 3260 455 3334 temporalem
467 3258 611 3318 fidelium
623 3257 1001 3334 persecutionem‚Deus

243 3356 403 3416 convertit
423 3357 462 3416 ad
478 3357 653 3417 multorum
670 3356 825 3416 salutem:
849 3364 881 3416 et
897 3355 1000 3415 sancti

207 3454 387 3516 aonominis
402 3454 453 3514 sui
469 3454 617 3514 notitiam
634 3453 815 3513 clariorem.
839 3453 1001 3530 Factaque

244 3562 294 3611 est
316 3551 504 3626 temporalis
526 3551 690 3611 tribulatio
713 3552 889 3627 iustorum,
913 3553 1003 3612 utilis

603 3655 643 3696 soa
