2118 4186
232 447 273 498 &¹3
290 446 463 498 [SERMONES
475 449 514 490 DE
523 449 590 492 vlu
601 449 637 492 ET
647 449 796 494 PASSlONE
808 451 938 505 nomint]
954 454 994 504 [ᾧ

232 581 372 641 evadere
393 582 513 658 quibit:
534 583 610 659 quia
624 585 733 644 omnia
750 586 896 646 subiecta
913 597 995 648 sunt
1053 641 1054 660 ,

233 679 370 756 pedibus
385 679 467 740 eius
499 681 594 742 Nunc
610 683 735 743 caelum
753 684 879 761 gaudet,
901 693 995 743 terra

232 778 372 853 plaudit;
391 789 482 838 satan
497 780 594 855 dolet,
609 798 697 841 mors
714 782 808 859 lugit:
828 799 887 842 nec
904 782 996 842 ultra

232 874 451 936 dominabitur
466 876 611 938 Christo.
640 878 707 939 Sub
722 880 776 942 tali
793 880 888 957 igitur
912 896 994 956 rege
1052 943 1053 946 ,

210 983 336 1034 stutum
352 984 403 1032 est
417 973 566 1050 militare,
584 976 644 1036 sub
660 977 713 1036 tali
729 987 859 1053 pastore
873 977 995 1037 iucun-

233 1072 309 1131 dum
332 1081 382 1132 est
403 1083 500 1147 stare,
522 1074 610 1149 pasci
633 1084 666 1134 et
680 1075 859 1150 informari,
880 1075 994 1135 subici
1054 1127 1055 1136 ,

232 1179 264 1230 et
285 1170 475 1245 gubernari:
497 1171 552 1248 qui
574 1173 696 1232 nullius
718 1172 850 1250 indiget,
871 1181 903 1232 et
923 1191 995 1234 om·

233 1267 329 1326 nibus
351 1268 446 1328 bonis
467 1270 616 1331 abundat.

274 1366 403 1426 Imitare
425 1378 556 1443 ergoet
581 1378 614 1428 tu
638 1370 759 1446 Regem
787 1385 897 1445 regum
926 1371 996 1430 Do-

200 1463 357 1524 rominum
370 1464 475 1524 Deum
492 1475 582 1526 tuum
599 1476 823 1543 resurgentem
839 1479 996 1544 amorte;

233 1571 267 1620 ut
282 1561 322 1620 de
333 1571 442 1621 cetero
458 1563 605 1624 ambules
620 1563 653 1623 in
669 1564 811 1625 novitate
822 1565 907 1625 vitae
923 1583 995 1626 me·

233 1658 340 1733 lioris,
363 1661 516 1721 calcando
538 1661 631 1734 vitia,
656 1662 878 1722 obliviscendo
902 1664 996 1722 mala

232 1760 415 1835 praeterita,
437 1776 502 1819 non
524 1760 563 1818 ad
583 1759 696 1819 solitas
717 1759 856 1836 ineptias
877 1775 994 1820 rever·

233 1858 346 1918 tendo:
368 1858 426 1917 sed
448 1857 487 1916 ad
509 1857 663 1918 caelestia
681 1856 842 1918 desideria
858 1858 994 1918 lerven-

200 1977 223 2016 ιε
233 1955 297 2015 tius
319 1963 350 2014 te
373 1955 537 2031 erigendo.
576 1955 658 2015 Nam
682 1954 837 2016 Christus
859 1955 995 2016 devicta

232 2061 336 2112 morte
358 2069 423 2112 non
446 2052 595 2113 rediitad
610 2053 751 2113 inferos:
773 2053 831 2112 sed
846 2037 994 2114 visitatis
1054 2083 1055 2088 κ

230 2150 428 2210 necessariis
450 2151 565 2210 amicis
579 2151 649 2210 suis
664 2151 697 2211 in
713 2151 819 2226 terris,
841 2152 996 2212 ascendit

230 2248 387 2307 laetanter
406 2248 444 2307 ad
460 2248 586 2324 caelos3
608 2265 705 2324 supra
720 2248 882 2325 angelicas
895 2260 994 2324 pote·

230 2355 330 2406 states
357 2346 493 2405 formam
516 2345 604 2405 servi
627 2346 749 2406 librans
771 2355 803 2406 et
825 2346 994 2406 exaltans:

193 2461 288 2520 20per
315 2444 456 2520 gradus
485 2443 743 2503 humilitatis
770 2453 806 2503 et
832 2442 994 2505 debitae

230 2541 516 2602 subiectionis
543 2541 804 2601 ministerium
832 2540 995 2601 docens
1055 2553 1056 2578 ³

229 2639 479 2699 ascendere
506 2638 746 2715 ingloriam
774 2647 993 2700 aeternae
1055 2675 1056 2692 t

230 2735 405 2796 felicitatis,
443 2735 484 2795 Si
507 2735 638 2812 igitur
659 2735 880 2796 desideras
901 2752 992 2796 cae·
1055 2721 1056 2728 ἵ

229 2834 342 2894 litus
376 2833 628 2909 consolari,
661 2842 798 2893 etcum
829 2834 992 2909 angelicis

193 2931 398 3007 asspiritibus
419 2940 577 3007 perpetuo
597 2930 725 2990 laetari:
748 2929 836 3006 luge
859 2947 991 2990 carna-

230 3030 306 3089 lem
330 3029 657 3089 delectationem
685 3043 788 3104 quae
814 3041 991 3104 generat

229 3136 430 3202 mortem3
473 3143 594 3204 quaere
636 3125 815 3201 spiritalem
858 3126 988 3188 animae

229 3223 442 3284 refectionem
472 3241 567 3300 quarn
598 3223 754 3284 Christus
782 3223 988 3299 praeparavit

229 3321 460 3381 accedentibus
499 3322 538 3382 ad
577 3320 711 3397 pretiosi
749 3320 897 3396 corporis
936 3320 988 3380 sui

191 3434 395 3488 somensam:
431 3419 583 3478 omnibus
619 3417 843 3494 corporalibus
878 3416 986 3493 epulis

228 3514 417 3574 dulciorem.
461 3516 552 3575 Nisi
580 3515 688 3575 enim
715 3522 836 3575 vetus
866 3515 986 3574 horno
