2144 4194
231 437 271 488 Εἷς
289 434 462 488 [SERMONES
474 435 513 477 DE
523 435 589 477 vtro
601 435 636 478 ET
647 435 794 478 Posslolve
805 436 933 488 ὓΟΜΙΝΙ]
952 437 996 488 ω

232 569 278 630 tui
298 569 430 630 Domini
453 569 528 644 mei,
551 587 624 629 cum
647 571 735 630 omni
758 569 934 630 devotione
961 581 995 630 et

232 666 425 727 reverentia
456 666 562 743 Magis
577 666 665 726 enim
681 668 825 728 delector
841 668 896 727 hie
911 685 995 728 esse

233 775 265 824 et
286 764 455 825 vobiscum
472 763 675 824 mendicare:
698 782 793 841 quam
814 783 888 825 cum
904 766 997 842 regi·

233 863 294 922 bus
309 872 342 923 et
356 862 558 939 principibus
573 863 685 923 mundi
701 862 856 923 deliciari.
888 864 995 941 Quod

210 961 261 1021 ssi
284 977 422 1020 necesse
440 960 538 1020 fuerit
553 961 650 1020 etiam
666 961 867 1022 mendicare:
890 963 996 1024 exibo

233 1057 392 1136 protinus,
411 1067 443 1118 et
457 1057 662 1118 sufficienter
676 1058 866 1119 mendicabo
881 1061 996 1122 nobis.

235 1157 273 1217 Et
294 1156 321 1216 si
344 1173 441 1216 nemo
460 1157 601 1217 voluerit
615 1157 738 1233 aliquid
753 1157 845 1232 dare3
868 1159 995 1234 rogabo

233 1264 364 1315 sanctos
386 1254 519 1330 angelos
541 1253 748 1330 suppliciter:
771 1265 802 1315 et
824 1254 869 1315 illi
891 1256 996 1316 nobis

234 1353 274 1413 de
296 1353 386 1413 caelo
408 1352 638 1412 ministrabunt
659 1351 871 1413 sufficienter.
902 1353 994 1413 Nam

200 1466 224 1506 ro
234 1467 292 1527 pro
318 1467 402 1527 pane
430 1460 577 1510 terreno:
606 1451 719 1526 pluent
747 1451 841 1511 nobis
869 1467 996 1510 manna

234 1549 385 1609 caeleste.
414 1547 535 1609 Olesu
555 1565 673 1608 manna
694 1549 840 1608 cordium
863 1549 995 1608 habens

234 1646 267 1705 in
290 1663 326 1705 se
348 1663 445 1706 omne
467 1646 757 1706 delectamentum:
780 1657 813 1707 tu
836 1663 872 1706 es
894 1646 994 1707 cibus

234 1752 346 1804 noster
367 1755 400 1804 et
423 1743 591 1804 solacium.
634 1742 782 1805 Affectus
804 1743 995 1804 devotionis

235 1840 287 1901 hic
303 1842 461 1918 loquitur:
477 1851 509 1901 et
524 1841 645 1917 optime
661 1842 744 1918 sapit
762 1842 879 1902 amanti
896 1843 993 1918 quid·

201 1939 312 2016 isquid
340 1940 394 1999 hic
423 1939 582 2016 coquitur.
625 1939 773 2001 Obsecro
801 1956 931 2016 quoque
958 1951 993 2001 te
1066 1979 1067 1984 κ

235 2037 420 2096 venerande
436 2047 527 2113 pater
543 2037 671 2113 Ioseph,
686 2037 741 2114 qui
757 2038 801 2098 ita
815 2038 993 2114 appellaris

234 2151 292 2210 pro
314 2134 468 2211 dignitate
498 2135 671 2196 ministerii
700 2137 764 2211 tui,
793 2147 824 2196 et
848 2137 993 2196 occulta-

234 2233 323 2292 tione
338 2233 420 2292 sacri
437 2233 572 2293 secreti:
595 2243 756 2310 quatenus
776 2251 829 2294 me
843 2234 993 2311 digneris

234 2329 266 2389 in
290 2329 484 2390 adiutorium
508 2340 598 2390 tuum
623 2331 802 2391 admittere.
832 2332 909 2392 lube
932 2333 993 2392 ali·
1065 2353 1066 2384 r

198 2427 312 2504 aoquid
334 2428 443 2488 afferri
466 2446 524 2505 pro
547 2429 668 2489 solacio
691 2430 803 2489 matris
825 2439 857 2489 et
878 2430 992 2504 pueri:

234 2543 294 2603 ego
310 2542 366 2585 ero
382 2536 512 2602 paratus
528 2527 567 2586 ad
583 2526 740 2603 obsequia
750 2527 992 2587 huiuscemodi.

275 2622 304 2684 Ο
334 2623 361 2682 si
393 2624 566 2684 scivissem
598 2625 726 2700 quando
754 2626 819 2685 huc
848 2624 991 2700 primum

234 2721 389 2796 venistis;
424 2721 559 2781 ivissem
591 2720 704 2797 utique
734 2721 920 2781 vobiscum:
959 2731 993 2781 et

234 2820 351 2879 bovem
374 2819 426 2878 vel
442 2818 570 2878 asinum
588 2819 765 2879 duxissem.
795 2818 991 2878 Mantellum

198 2931 225 2972 25
235 2915 386 2976 dominae
408 2932 500 2975 meae
522 2917 574 2974 vel
597 2916 773 2976 saccellum
791 2916 907 2992 Ioseph
931 2933 993 2991 per

236 3023 358 3074 tantum
381 3011 453 3072 viae
475 3012 615 3088 spatium
631 3013 770 3073 libenter
790 3023 993 3089 portassem:

236 3121 289 3171 aut
311 3110 407 3171 etiam
422 3110 600 3186 hospitium
618 3127 856 3186 procurassem.
884 3109 993 3171 Outi-

235 3225 309 3268 nam
331 3217 395 3268 tam
411 3223 512 3284 prope
529 3207 676 3282 fuissem,
699 3216 733 3267 ut
748 3218 879 3268 sanctos
894 3226 992 3286 ange·

236 3305 285 3365 los
307 3314 436 3366 cantare
459 3305 676 3380 audivissem,
699 3315 731 3364 et
751 3306 814 3365 hoc
835 3306 991 3383 gaudium

199 3423 226 3464 so
236 3419 387 3480 magnum
398 3402 479 3462 mihi
490 3403 672 3462 nuntiatum
686 3403 816 3480 luisset3
832 3404 882 3463 eia
893 3421 991 3480 quam

236 3501 392 3560 laetanter
414 3510 446 3560 et
468 3501 661 3560 festinanter
689 3518 794 3578 usque
818 3503 991 3564 Bethleem

596 3605 633 3646 ros
