2128 4190
236 445 276 497 &NJ
293 444 466 496 [SERMONES
479 446 517 488 DE
527 446 595 488 vlla
607 446 641 488 ET
652 445 801 490 passione
813 447 944 502 DOMINI]
962 453 1005 504 K&
1051 509 1052 526 χ

237 578 334 654 digne
358 580 428 639 Deo
450 580 608 641 vivendo:
631 581 685 658 qui
709 582 847 642 idoneus
870 601 940 644 non
964 601 1003 645 es

236 675 275 736 ad
291 677 553 752 praedicandum.
583 679 712 739 Valde
734 680 880 740 bonurn
899 699 1002 759 opus

236 784 286 834 est
308 773 453 834 scribere
483 775 583 836 libros
608 793 690 852 quos
712 787 796 837 amat
819 778 935 840 Iesus:
967 781 1002 840 in

236 870 355 947 quibus
378 872 448 947 ipse
477 873 681 949 agnoscstur,
710 874 828 951 legbur
849 887 883 937 et
905 894 1003 953 prae-

213 967 370 1029 sdicatur.
405 970 474 1030 Nec
496 971 629 1031 dubium
653 972 731 1048 quin
753 975 792 1033 ab
814 974 888 1050 ipso
910 993 1002 1036 ama-

234 1067 323 1126 beris
352 1078 384 1128 et
407 1069 540 1144 copiose
563 1071 843 1132 remuneraberis:
873 1072 901 1131 si
925 1073 1002 1133 dili-

234 1175 349 1241 genter
380 1168 418 1227 ad
453 1169 611 1228 honorem
645 1169 724 1243 Dei,
759 1179 790 1229 et
821 1169 1000 1230 utilitatem

234 1263 475 1340 proximorum,
507 1265 607 1326 libros
629 1265 872 1327 ecclesiasticos
894 1268 1002 1344 scrip-

235 1360 328 1421 seris.
380 1361 413 1422 Si
445 1363 631 1424 mercedem
661 1381 754 1424 suam
785 1381 850 1424 non
880 1365 1001 1441 perdet

201 1460 289 1536 toqui
318 1461 453 1522 calicem
481 1479 584 1539 aquae
612 1461 746 1539 frigidae
769 1461 892 1523 sitienti
922 1481 1000 1539 por·

236 1558 325 1634 rigit3
357 1570 509 1636 quantam
538 1560 724 1620 mercedem
755 1559 908 1636 recipiet,
939 1561 998 1637 qui

235 1655 362 1716 animae
384 1667 561 1733 perpetuae
583 1657 740 1731 victurae,
770 1657 923 1718 salutaris
946 1675 1000 1717 sa·

233 1754 376 1829 pientiae
387 1772 503 1831 aquam
515 1755 689 1815 scribendo
700 1754 887 1815 ministrat?
903 1755 999 1832 Quot

235 1852 322 1912 enirn
345 1853 469 1912 litteras
487 1852 595 1912 debite
621 1852 757 1912 lormas:
779 1863 827 1912 tot
842 1854 912 1913 Deo
937 1855 998 1914 ho·

201 1949 314 2009 rsstias
337 1949 441 2010 laudis
463 1950 573 2010 offers
613 1950 818 2010 Meritorium
841 1961 892 2011 est
913 1968 996 2028 ergo

235 2056 267 2106 et
282 2047 434 2108 devotum
451 2049 634 2109 scribendis
650 2048 741 2108 libris
758 2065 887 2124 operam
903 2049 997 2126 dare,

235 2155 266 2204 et
288 2162 346 2205 eos
375 2145 407 2205 in
436 2163 551 2223 magna
580 2147 764 2207 reverentia
785 2163 822 2206 ac
844 2146 995 2223 diligenti

234 2243 381 2303 custodia
391 2260 538 2319 servare3
556 2244 675 2320 quibus
686 2242 832 2303 divinum
844 2243 993 2304 officium

234 2339 351 2400 cotidie
377 2340 575 2401 celebratur:
605 2352 637 2401 et
659 2340 828 2416 multiplex
851 2342 994 2402 eruditio

196 2437 309 2497 alinde
332 2438 521 2498 seminatur.

275 2535 357 2595 Sunt
379 2552 520 2612 namque
543 2537 615 2597 libri
638 2537 723 2596 sacri
745 2553 835 2596 arma
856 2536 995 2596 clerico-

233 2650 316 2709 rum,
338 2645 530 2694 ornamenta
544 2635 776 2695 ecclesiarum:
798 2634 932 2694 divitiae
955 2653 994 2695 ac

232 2732 376 2792 thesauri
393 2732 574 2807 doctorum,
589 2733 684 2792 tubae
701 2731 924 2807 sacerdotum;
941 2750 994 2792 so-

233 2829 313 2888 lacia
329 2829 567 2906 religiosorum,
588 2829 704 2905 epulae
720 2830 923 2904 devotorum,
947 2840 993 2890 te-

194 2947 222 2988 25
232 2935 392 2986 stamenta
414 2938 614 2988 sanctorum:
640 2927 812 2987 luminaria
834 2926 993 3002 fidelium,

232 3024 407 3084 seminaria
415 3024 583 3100 virtutum,
593 3042 712 3101 organa
724 3024 865 3101 Spiritus
876 3026 992 3085 sancti.

233 3120 383 3182 Scribere
395 3139 471 3198 ergo
488 3122 588 3182 libros
604 3139 687 3198 opus
700 3123 770 3182 Deo
781 3123 992 3198 acceptabile,

233 3221 341 3297 legere
357 3221 446 3296 utile,
468 3221 587 3281 docere
603 3219 878 3281 commendabile:
899 3238 991 3296 prae-

232 3319 340 3378 dicare
362 3318 501 3378 salubre.
545 3318 630 3395 Quis
652 3328 759 3378 autern
782 3318 916 3394 legeret,
938 3320 991 3378 vel

195 3415 433 3493 mpraedicaret
448 3417 511 3476 nisi
527 3429 713 3476 sanctorum
730 3416 850 3491 scripta
860 3429 991 3493 nosset3

233 3523 264 3573 et
286 3513 348 3573 nisi
372 3513 511 3589 scriptor
532 3513 623 3589 prius
639 3514 853 3589 scripsisset?
883 3514 990 3575 Bene·

592 3617 629 3658 no
