2114 4168
368 399 487 442 adnotatio
502 400 586 441 critica.

92 540 203 591 autem
232 531 364 608 grandis
386 531 513 592 litterae
534 537 588 592 eta
614 541 646 592 et
668 531 800 592 Latinae
822 531 855 590 H

92 611 199 671 forma
214 613 328 673 eadem
344 622 442 688 esset,
459 613 578 674 factum
595 622 655 688 est,
676 621 712 672 ut
726 610 852 672 scribae

92 692 251 753 librorum
275 693 480 768 Latinorum,
510 692 606 753 etiam
633 710 706 752 cum
729 692 853 752 minuta

92 771 274 834 litteratura
295 782 475 849 uterentur,
499 773 579 834 illud
602 774 652 833 ihs
673 772 853 833 retinerent

91 862 191 930 atque
207 853 410 915 Graecarum
426 854 605 915 litterarum
622 853 769 914 notitiam
785 869 850 912 non

91 933 157 993 iam
173 936 332 995 habentes
347 935 395 994 sic
406 944 495 995 recte
511 934 609 996 scribi
621 934 742 1010 opinati
754 933 851 994 etiam

92 1014 613 1091 ihesusabundanterscriberent,
624 1032 721 1091 quem
733 1013 851 1074 deinde

92 1112 189 1154 usum
212 1097 265 1155 vel
281 1095 389 1172 potius
404 1095 542 1155 abusum
557 1095 591 1155 in
606 1095 780 1155 scribenda
794 1111 851 1153 no-

92 1175 182 1234 mina
196 1176 326 1252 similia,
344 1176 452 1253 qualia
467 1185 543 1236 sunt
557 1175 706 1235 ieremias
721 1184 753 1235 et
767 1175 851 1234 leru-

90 1257 193 1315 sulem
204 1257 440 1317 transtulerunt
451 1262 469 1316 ¹.
492 1256 617 1318 Contra
628 1272 667 1315 ea
679 1255 849 1315 nominum

91 1335 280 1412 Hieronymi
308 1346 340 1397 et
367 1337 630 1412 Hierosolymue²
659 1337 711 1396 vel
738 1336 850 1396 Hiero·

90 1417 307 1491 solymorum⁹
328 1417 447 1477 similis
468 1417 524 1477 illa
545 1417 688 1493 quidem,
710 1417 849 1476 sednon

91 1514 228 1572 prorsus
239 1498 352 1557 eadem
365 1497 446 1557 ratio
457 1506 516 1557 est.
547 1497 641 1574 Quae
652 1498 685 1557 in
698 1507 849 1574 promptu

91 1577 203 1637 estad
226 1577 474 1639 similitudinem
503 1577 633 1638 illorum
656 1577 749 1654 dirigi
772 1587 849 1638 tunc

91 1658 224 1718 demum
240 1659 397 1735 potuisse,
413 1676 486 1718 cum
499 1660 519 1717 h
530 1658 637 1719 littera
651 1657 714 1718 iam
729 1658 850 1734 optima

90 1738 137 1797 rei
170 1739 318 1815 publicae
351 1739 516 1799 Romanae
548 1747 652 1799 aetate
685 1739 848 1799 interdum

90 1818 253 1879 fluctuans
269 1820 505 1896 posterioribus
521 1829 553 1880 et
564 1819 738 1896 praecipue
750 1818 848 1879 medii

90 1899 163 1958 aevi
194 1900 397 1976 temporibus
428 1901 524 1960 modo
555 1917 654 1977 saepe
685 1899 767 1960 falso
796 1899 849 1959 ad-

89 1979 196 2040 hiberi
219 1990 349 2058 coepta,
378 1981 474 2041 modo
497 1981 654 2057 adspirari
676 1982 772 2057 plane
795 1982 848 2040 de-

90 2060 153 2120 sita
168 2070 257 2121 esset
267 2066 286 2122 ⁸.
317 2063 428 2139 ltaque
444 2079 517 2121 cum
532 2062 716 2137 leronymus
726 2067 746 2132 ⁴,
768 2061 848 2120 lero·

89 2142 216 2216 solyma
230 2143 505 2218 pronuntiaretur,
523 2142 710 2219 quominus,
733 2151 768 2202 ut
781 2141 848 2200 lhe·
911 2207 920 2222 ‚

88 2237 162 2292 sus,
192 2221 239 2282 sic
262 2222 359 2283 etiam
381 2223 603 2298 Hieronymus,
632 2223 848 2297 Hierosolymo

89 2302 300 2378 scriberetur,
322 2303 403 2363 nihil
427 2303 582 2363 obstabat.

133 2385 179 2458 19,
201 2400 233 2441 ro.
247 2400 271 2441 ιτ
292 2385 386 2444 alvus
400 2383 584 2460 antiquiore
599 2392 746 2459 tempore
762 2382 847 2443 haud

88 2480 162 2522 raro
198 2467 295 2524 etiam
332 2464 551 2524 masculinum
588 2475 674 2539 erat3
710 2463 796 2540 quod
825 2461 849 2523 S

88 2543 241 2603 traditum
258 2545 291 2604 in
302 2544 356 2603 ΑΖ
368 2545 577 2604 immaculato
589 2544 623 2604 in
636 2545 846 2604 immaculata

89 2632 220 2684 mutans
242 2625 372 2685 videtur
392 2625 585 2685 nescivisse.

127 2707 178 2780 21,
198 2721 224 2762 aa
247 2716 279 2765 et
299 2709 349 2780 23,
371 2722 407 2765 as.
442 2707 491 2766 De
513 2705 714 2765 nominativo
736 2704 846 2780 singu·

87 2784 147 2844 lari
171 2785 269 2845 isdem
287 2803 344 2862 pro
361 2786 444 2846 idem
460 2786 602 2863 antiquis
618 2802 725 2862 neque
741 2785 846 2861 poetis

88 2882 197 2942 neque
219 2864 487 2941 inscriptionibus
503 2868 648 2928 inaudito
663 2866 721 2926 cir.
738 2865 846 2925 Neue-

87 2945 260 3022 Wagener,
282 2947 516 3008 Formenlehre
538 2948 597 3008 der
619 2948 685 3007 Lat.
702 2947 845 3022 Sprache

127 3115 137 3142 ¹
148 3113 198 3156 Cir.
207 3114 242 3156 W.
251 3112 403 3165 Wattenbach,
414 3112 534 3165 hnleitung
543 3125 582 3155 zur
592 3111 747 3155 Lateinlschen
756 3111 844 3154 Palaeo-

85 3167 359 3263 fflihiinbi‘lihl‘*
375 3165 760 3261 liiiiiilillfflcoefflw’
776 3179 798 3219 Ρ·
808 3166 843 3207 ⁶⁷·

129 3277 138 3301 ³
153 3273 202 3317 Cir.
249 3273 379 3326 .Corssen,
395 3265 457 3315 Uber
471 3251 622 3327 Aussprache,
637 3272 783 3314 Vokalismus
798 3274 843 3314 und

87 3329 205 3382 Betonung
226 3329 265 3370 der
288 3328 442 3369 lateinischen
465 3326 572 3380 Sprache.
608 3327 710 3379 Leipzig,
732 3325 843 3378 Teubner,

87 3382 377 3531 zffileiriffiiibanur
401 3435 590 3487 Francogalllcum
609 3434 712 3486 jamme,
742 3432 842 3475 italicum

108 3502 208 3532 troamo.

445 3569 486 3610 429
