2144 4194
236 457 276 506 ΘΧ)
294 453 466 506 [setthoitas
479 453 517 496 DE
527 452 595 495 VITA
607 451 641 494 ΕΤ
652 452 800 496 ΡΑ881οΝΕ
811 454 941 507 DOMINI]
960 456 1004 507 K&

237 587 319 664 qui?
361 586 408 646 Tu
438 587 524 646 enim
555 587 696 647 salutare
717 588 828 648 vultus
850 587 935 663 mei,
969 599 1003 649 et

237 687 328 746 Deus
355 702 459 745 meus,
502 683 650 745 Ostende
672 701 749 760 ergo
772 684 850 744 mihi
875 685 1002 746 faciem

237 793 342 843 tuam:
374 792 406 843 et
433 783 524 842 salva
552 782 615 842 erit
642 781 750 841 anima
778 799 859 842 mea.
902 783 1003 860 Quo·

236 881 465 957 tienscumque
486 879 589 939 tristis
613 879 723 955 fuero,
752 880 861 956 aspice
883 879 916 940 in
943 897 1002 940 me

213 988 268 1040 set
294 977 452 1038 miserere
478 978 560 1038 mei:
590 987 621 1038 et
644 978 864 1038 consolabitur
884 979 1003 1038 anima

236 1093 317 1136 mea.
364 1075 412 1135 Tu
443 1074 531 1134 enim
562 1092 640 1151 spes
671 1093 744 1136 mea
774 1093 793 1135 a
823 1075 1002 1137 iuventute

236 1190 324 1233 mea:
353 1182 385 1233 et
414 1189 518 1250 usque
548 1172 582 1232 in
611 1183 777 1234 senectam
804 1184 836 1234 et
862 1174 1000 1234 senium

235 1287 277 1329 ne
300 1270 509 1347 derelinquas
532 1286 594 1329 me.
625 1268 655 1330 Ο
671 1286 767 1346 quam
790 1270 941 1332 amabilis
967 1282 1002 1332 et

235 1366 347 1426 suavis
370 1366 474 1426 faetus
497 1383 534 1426 es
556 1367 761 1427 hominibus:
788 1385 846 1444 pro
872 1368 1001 1445 quibus

201 1464 385 1540 rodignatus
414 1480 450 1523 es
482 1481 564 1540 puer
593 1465 749 1540 parvulus
780 1464 860 1525 lieri.
907 1466 1000 1527 Nam

235 1560 289 1620 tali
312 1577 423 1620 amore
445 1577 498 1620 me
513 1561 615 1621 trahis
630 1560 669 1620 ad
684 1570 726 1637 te,
749 1572 780 1622 et
795 1562 1000 1640 constringis

234 1659 449 1718 vehementer
471 1658 503 1718 in
526 1669 581 1719 tua
602 1659 786 1720 dilectione.
820 1660 850 1722 Ο
872 1660 999 1722 dulcis-

235 1756 318 1816 sime
340 1766 372 1816 et
393 1756 617 1816 amantissime
638 1773 721 1832 puer
743 1756 833 1818 Iesu:
858 1758 999 1835 dignare

235 1871 364 1914 mecum
380 1854 478 1914 hodie
493 1871 668 1930 parumper
682 1854 841 1915 solaciari.
873 1855 999 1918 Anima

201 1971 225 2012 rs
235 1969 307 2011 mea
322 1952 425 2028 diligit
440 1962 487 2012 te:
510 1952 586 2029 quia
607 1961 641 2012 tu
664 1952 755 2028 prius
770 1953 910 2014 dilexisti
928 1972 997 2014 me.
1067 2005 1068 2020 t

237 2050 373 2126 Propter
394 2050 527 2110 nimiam
551 2050 639 2110 enim
655 2049 821 2111 caritatem
838 2059 938 2125 tuam,
963 2062 997 2110 et

136 2171 139 2176 ·
235 2147 521 2224 incomparabilem
544 2146 750 2207 dulcedinem
767 2165 863 2225 quam
883 2148 997 2208 adme

234 2246 382 2322 gessisti:
409 2247 449 2306 de
476 2247 531 2307 illa
552 2246 679 2306 occulta
700 2245 898 2306 habitatione
919 2263 997 2306 cae·
1066 2277 1067 2326 p

234 2343 307 2403 lesti
337 2344 376 2403 ad
398 2343 595 2404 visitandum
623 2353 655 2403 et
677 2343 910 2404 consolandum
940 2361 997 2403 me
1066 2333 1067 2357 ¹

198 2441 267 2500 zoin
288 2457 451 2500 carcerem
468 2441 568 2500 huius
583 2440 694 2500 mundi
711 2441 920 2501 descendisti.
956 2442 996 2501 Et

234 2555 321 2598 nunc
348 2538 431 2598 bene
455 2538 561 2597 lecisti
583 2538 763 2598 veniendo:
792 2549 824 2599 et
853 2539 994 2599 multum

234 2636 399 2712 sapienter
433 2645 465 2695 et
500 2635 639 2696 dulciter
673 2635 767 2712 egisti
803 2635 857 2696 tali
895 2636 995 2696 modo

234 2733 428 2809 apparendo.
476 2733 624 2793 Formam
656 2733 868 2809 pulcherrimi
897 2735 993 2809 pueri

234 2830 451 2907 assumpsisti,
465 2840 612 2892 naturam
624 2834 799 2892 humanam
811 2831 994 2891 induendo:

197 2947 224 2987 25
234 2928 289 3005 qui
317 2928 349 2988 in
376 2928 544 2988 divinitate
571 2947 672 3004 purus
699 2940 731 2990 et
757 2929 896 3005 simplex
918 2928 994 2988 sine

233 3026 322 3086 omni
345 3025 447 3103 ligura
468 3043 665 3102 permanens
687 3045 818 3087 omnem
845 3027 993 3087 intellec·

234 3134 301 3184 tum
329 3120 471 3183 excedis.
514 3123 578 3184 Sed
601 3141 660 3201 ego
682 3125 774 3184 rudis
796 3125 892 3185 talem
915 3126 992 3184 sub·

234 3221 383 3282 stantiam
404 3237 533 3281 onmem
558 3221 694 3281 formant
711 3223 923 3284 excedentem
940 3239 991 3282 ca-

234 3335 312 3395 pere
347 3335 413 3378 non
443 3318 549 3378 valui:
585 3318 658 3378 ideo
694 3320 990 3380 condescendendo

196 3416 313 3478 aomihi
343 3425 489 3476 naturam
519 3432 625 3476 meam
654 3415 710 3476 tibi
734 3415 851 3491 unisti,
880 3425 989 3476 notam

234 3530 420 3590 proponens
434 3512 576 3572 hominis
588 3513 740 3589 formam3
756 3521 790 3572 ut
800 3513 848 3572 sic
859 3514 990 3590 propin-

594 3618 631 3658 roa
