2122 4196
251 462 291 513 &S
324 460 492 504 MEDlTATIO
509 462 548 504 DE
563 461 795 505 INCARNATIONE
811 463 935 506 CHRISTI
967 465 1012 516 ἴς.)

251 594 348 654 nibus
369 596 640 671 praecedentibus
667 596 793 656 meritis
822 599 894 658 eius
923 599 1010 658 dona

251 693 436 754 extiterunt.

292 789 321 851 Ο
344 808 422 851 vere
452 808 603 868 magnum
626 792 917 870 venerandumque
939 811 1011 871 my-

251 887 387 949 sterium
413 906 431 947 a
459 890 591 948 saeculo
620 889 865 966 absconditum:
894 891 1009 951 multis

227 986 537 1062 spraecurrentibus
558 986 696 1047 testibus
718 987 929 1064 promissum,
952 989 1008 1049 diu

250 1094 466 1160 expectatum,
481 1085 633 1144 ardenter
643 1084 880 1145 desideratum:
896 1096 929 1146 et
939 1095 1009 1146 tan·

250 1181 324 1240 dem
347 1182 468 1241 mundo
491 1182 682 1258 exhibitum,
704 1192 736 1242 et
758 1183 899 1245 fideliter
920 1201 1009 1244 com-

251 1280 447 1339 mendatum.
492 1279 563 1340 Hoc
591 1298 743 1357 magnum
773 1281 1009 1342 incarnationis

250 1385 488 1437 sacramentum
526 1377 618 1452 pauci
650 1380 802 1455 vulgares
837 1379 1009 1440 intellexe-

215 1484 336 1550 rorant3
366 1484 397 1536 et
426 1492 530 1551 paene
559 1476 619 1536 soli
645 1476 822 1552 prophetae
845 1477 906 1536 visi
930 1487 1008 1537 sunt

249 1581 439 1648 penetrasse
469 1574 582 1634 intima
611 1574 700 1634 eius:
729 1574 849 1650 quibus
870 1576 911 1636 de
934 1593 1008 1652 spe·

249 1671 321 1731 ciali
346 1673 556 1733 revelationis
578 1690 714 1732 munere
737 1689 933 1732 concessum
957 1682 1008 1732 est

249 1786 466 1845 praenoscere
489 1780 520 1830 et
542 1771 696 1830 scribere.
738 1771 787 1830 llli
810 1770 897 1830 enim
921 1770 1008 1831 sicut

217 1941 220 1950 Ι
249 1867 343 1927 eiecti
376 1867 470 1927 amici
502 1868 563 1927 Dei
595 1877 658 1927 tam
692 1867 843 1928 caelestis
875 1869 1005 1928 consilii

215 1986 239 2026 15
248 1974 412 2025 secretum
434 1964 556 2025 intrare
571 1975 647 2026 sunt
669 1966 838 2042 permissi:
860 1976 895 2026 ut
911 1967 1005 2028 intel-

249 2065 394 2140 legerent
409 2066 587 2124 humanum
603 2081 707 2141 genus
723 2065 763 2124 ob
778 2063 902 2139 primae
913 2081 1006 2139 prae-

248 2161 457 2222 varicationis
480 2162 618 2237 cuipam,
643 2161 676 2220 in
698 2170 818 2222 tantam
842 2162 1005 2222 cecidisse

248 2258 432 2335 miseriam3
461 2277 544 2336 quae
574 2259 667 2320 aliter
695 2259 817 2319 aboleri
839 2260 1006 2336 nequibat,

247 2355 311 2415 nisi
340 2373 399 2432 per
421 2357 613 2418 Mediatoris
634 2357 785 2434 gratiam:
814 2375 878 2434 quo
901 2358 1006 2419 incar-

210 2464 322 2515 aonato
352 2466 384 2516 et
415 2473 528 2531 passo,
557 2457 814 2532 redemptionem
841 2456 1006 2532 acciperet

248 2555 356 2614 homo.
394 2555 465 2614 Hoc
488 2554 596 2614 lucide
618 2571 715 2614 aures
737 2555 912 2630 populares
935 2557 1005 2633 qui·

247 2651 309 2711 bus
331 2651 441 2710 omnia
462 2652 496 2712 in
519 2652 631 2730 figuris
647 2652 894 2729 contingebant:
917 2672 1004 2715 com·

247 2750 452 2826 prehendere
475 2768 541 2810 non
556 2750 716 2811 valebant.
748 2750 831 2826 Ipsis
852 2768 1003 2829 magnam

247 2856 325 2922 erat,
341 2847 368 2907 si
385 2848 462 2924 quid
477 2858 627 2908 terrenae
637 2847 868 2925 promissionis
880 2849 1003 2910 donum

210 2944 449 3022 25acciperent;
470 2946 639 3022 prophetis
654 2947 700 3006 nil
716 2963 869 3024 magnum
886 2959 918 3009 et
941 2950 1003 3010 lae·

246 3041 344 3102 tabile
359 3042 544 3104 videbatur:
567 3045 630 3104 nisi
654 3046 740 3121 quod
756 3056 908 3107 aeternae
929 3049 1003 3108 bea-

246 3139 393 3200 titudiuis
430 3141 636 3202 dulcedinem
677 3143 851 3205 redolebat.
909 3145 1002 3205 Vnde

247 3255 331 3297 unus
343 3255 382 3297 ex
402 3239 541 3299 summis
557 3242 726 3318 prophetis
741 3252 858 3301 cuncta
872 3251 1002 3303 terrena

245 3336 503 3411 supervolitans:
539 3338 616 3414 quid
649 3339 847 3414 peculiarius
879 3351 1001 3400 amaret

209 3434 387 3495 aoostendit
409 3435 532 3495 dicens.
575 3435 663 3512 Quid
678 3436 758 3496 mibi
779 3447 829 3498 est
844 3437 877 3497 in
893 3440 1000 3513 caelo;
1047 3473 1048 3478 κ

245 3541 277 3590 et
298 3548 316 3589 a
338 3540 369 3591 te
391 3532 469 3609 quid
491 3533 579 3592 volui
603 3551 702 3610 super
723 3523 871 3596 terram?
907 3537 997 3598 Deus

610 3640 637 3680 aa
