2118 4186
229 553 410 629 modicum,
439 553 525 630 quod
554 552 633 613 mihi
661 553 812 613 relictum
834 553 990 629 deperire

228 660 351 728 potest,
375 650 476 711 amori
498 660 554 711 tuo
576 651 776 710 sacrificabo.
820 651 902 710 Nam
926 651 987 712 tibi
1045 659 1046 678 ¹

228 749 370 809 oblatum
400 747 518 808 melius
547 747 626 806 mihi
656 757 782 822 manet,
813 757 844 807 et
873 757 987 808 tamen

228 863 356 906 merces
379 845 487 907 futura
508 861 573 904 non
598 845 702 905 deerit
723 854 788 905 tam
811 844 912 905 libere
936 845 989 904 oi·
1046 857 1047 882 ¹

204 942 356 1004 sierenti.
386 941 419 1003 Si
442 943 576 1002 auderet
597 942 672 1018 quis
689 942 925 1003 inhaesitanter
946 960 987 1003 se

227 1041 349 1101 donare
372 1040 447 1115 tibi,
474 1051 508 1100 tu
538 1049 570 1100 te
599 1039 711 1116 utique
742 1041 895 1101 redderes
925 1040 988 1115 illi,

228 1137 396 1214 fieretque,
418 1138 505 1213 quod
519 1153 576 1197 ore
593 1137 719 1213 Capitis
741 1137 843 1199 nostri
859 1137 985 1198 dictum

227 420 308 472 m
327 421 328 424 ’
345 418 519 463 ORATIONES
536 419 575 461 DE
590 417 739 461 Pnsslone
755 418 869 462 bonini
904 419 989 472 Q

228 1245 293 1296 est:
316 1237 410 1311 Date,
432 1245 463 1296 et
485 1234 613 1295 dabitur
633 1235 737 1296 vobis.
781 1234 877 1294 Nunc
904 1249 985 1310 ergo

227 1334 255 1393 si
278 1332 422 1410 digneris
445 1332 604 1409 accipere,
626 1349 704 1393 ecce
725 1332 908 1394 voluntarie
930 1348 985 1392 me
1047 1321 1048 1328 '

193 1453 219 1497 ro
228 1431 334 1507 ipsum
357 1430 460 1490 offero
483 1439 515 1489 et
529 1439 604 1490 tuae
619 1429 825 1506 dispositioni
841 1430 983 1490 animam

228 1545 333 1588 meam
345 1539 624 1606 etcorpusmeum
634 1529 984 1606 fidenterderelinquo.

227 1628 435 1688 Voluntatem
458 1644 588 1704 quoque
613 1627 793 1704 propriam,
821 1644 886 1703 qua
913 1627 985 1704 pin-

226 1725 322 1801 guius
351 1724 396 1784 nil
425 1724 482 1786 tibi
509 1724 661 1800 offertur,
691 1741 730 1784 ex
752 1726 812 1784 hac
841 1726 923 1785 hora
951 1735 986 1784 et

227 1823 383 1898 deinceps
418 1822 662 1899 promptissimo
704 1823 802 1883 corde
840 1823 985 1899 resigno,

194 1921 500 1996 rsquemadmodum
522 1920 662 1980 dilectus
684 1919 771 1980 lilius
792 1931 869 1980 tuus
885 1919 985 1982 Chri·

227 2027 298 2079 stus
313 2017 475 2079 Dominus
497 2028 609 2079 noster
630 2034 722 2077 suam
744 2016 801 2077 tibi
817 2016 985 2078 commisit

227 2117 444 2191 voluntatem,
474 2127 508 2176 ut
529 2125 673 2177 nostram
702 2115 735 2174 in
764 2131 824 2174 sua
845 2114 986 2191 abnega·

226 2215 315 2276 tione
330 2215 491 2276 obtineret
506 2215 655 2288 salutem,
671 2212 808 2274 formam
819 2213 986 2289 praebens

227 2311 442 2387 sequentibus
471 2329 508 2372 se
537 2311 688 2371 lidelibus
710 2309 801 2370 brevi
831 2319 863 2370 et
884 2310 986 2387 pleno

191 2424 390 2484 aosermone,
405 2424 503 2485 quem
518 2408 608 2469 dixit.
636 2408 731 2468 Pater
745 2407 801 2483 mi,
815 2424 882 2468 non
898 2407 988 2468 sicut

227 2522 286 2582 ego
308 2505 393 2581 volo,
415 2505 473 2566 sed
495 2505 580 2565 sicut
600 2516 646 2580 tu,
669 2504 722 2565 liat
743 2506 896 2566 voluntas
917 2515 985 2566 tua.

268 2603 340 2663 Hoc
368 2603 477 2679 itaque
506 2603 657 2678 exemplo
685 2603 901 2662 vehementer
929 2603 985 2662 ad·

227 2701 370 2761 monitus
380 2710 412 2761 te
424 2699 603 2776 inspirante
619 2710 650 2759 et
666 2699 798 2760 iuvante
808 2700 918 2761 denuo
931 2716 985 2760 me

227 2798 372 2875 resigno,
394 2798 562 2873 omnibus,
584 2815 667 2874 quae
690 2797 801 2858 mundi
824 2807 911 2874 sunt,
934 2813 984 2856 re-

191 2896 351 2958 asnuntio.
376 2896 496 2958 Carnis
512 2895 674 2957 desideria
689 2895 845 2972 despicio,
865 2912 983 2956 omnes

227 3004 318 3055 actus
340 3004 372 3054 et
394 2993 519 3054 nefaria
540 2993 677 3054 consilia
692 2991 823 3069 maligni
846 2992 983 3068 spiritus

227 3091 347 3167 abicio,
378 3102 433 3152 tuo
455 3092 589 3153 servitio
614 3108 667 3152 me
689 3090 895 3166 despondeo,
924 3090 983 3150 tibi

226 3190 404 3251 adhaerere
420 3189 546 3250 cunctis
561 3190 677 3250 diebus
692 3189 778 3250 vitae
798 3203 891 3248 meae
906 3205 983 3248 con·

227 3287 371 3362 cupisco‚
393 3287 455 3348 iam
479 3287 608 3364 iamque
628 3287 746 3347 devote
767 3284 800 3345 id
815 3301 912 3362 agere
935 3285 983 3345 in-

191 3385 336 3448 aostituo.
372 3384 488 3446 Adhuc
506 3402 584 3445 vero
607 3395 641 3444 ut
663 3384 793 3460 plenius
814 3383 981 3460 perficiam

228 3483 426 3542 voluntatem
449 3493 547 3556 tuam,
569 3499 610 3542 en
627 3498 733 3550 meam
757 3481 906 3557 frangere
929 3499 983 3557 pa·

584 3587 623 3627 saa
