2128 4190
104 452 871 508 &Mmffiffllfflwfflffiii

106 602 175 644 sua
203 584 368 646 innocenti
399 597 520 662 morte,
549 589 588 647 ab
614 598 746 648 aeterna
768 597 872 648 morte

106 683 276 744 liberaret.
308 684 443 745 Fuisses
464 685 552 745 enim
575 686 784 747 aeternaliter
797 702 873 750 con·

107 783 304 844 demnatus:
323 783 387 844 nisi
405 783 561 846 Christus
576 801 634 860 pro
649 794 682 844 te
697 783 872 844 crucifixus

109 880 234 941 fuisset
255 891 287 941 et
302 891 461 943 mortuus.
491 881 576 959 Quis
592 883 679 942 enim
695 882 800 958 potuit
814 898 872 957 pro

108 977 268 1039 omnibus
296 979 440 1054 peccatis
469 980 638 1040 hominum
666 980 895 1054 satisfacerem

109 1074 180 1135 nisi
206 1076 299 1136 lesus
322 1076 479 1138 Christus
499 1077 585 1137 lilius
606 1077 667 1137 Dei
690 1094 794 1154 agnus
815 1077 873 1135 im·

110 1173 324 1234 maculatus?

114 1376 176 1436 DE
186 1376 353 1439 MERITO
364 1377 621 1439 DOMINICAE
634 1377 873 1453 PASSIONIS,

135 1473 190 1533 ET
205 1473 446 1536 DIGNITATE
463 1474 667 1538 SANCTAE
683 1474 857 1538 CRVCIS.

443 1625 547 1687 [xxlll]
885 1638 909 1678 lo

113 1703 272 1920 Q&
294 1765 402 1820 autem
422 1761 556 1836 gloriari
577 1767 702 1836 oportet
726 1762 759 1820 in
784 1777 874 1822 cruce

248 1858 379 1918 Domini
394 1859 495 1918 nostri
510 1859 581 1918 Iesu
598 1858 734 1920 Christi:
756 1859 789 1918 in
811 1875 874 1934 quo

114 1959 166 2014 est
185 1955 275 2014 salus
295 1955 363 2014 vito
384 1961 416 2015 et
434 1957 618 2016 resurrectio
633 1962 750 2016 nostro.
784 1957 873 2016 Haec

114 2052 217 2112 verba
239 2051 271 2111 in
295 2063 406 2113 sancta
428 2053 569 2113 ecclesia
591 2054 630 2114 de
650 2064 762 2114 sancta
776 2071 873 2114 cruce

114 2151 270 2226 leguntur
283 2160 316 2211 et
331 2159 518 2227 cantantur3
538 2151 571 2211 in
588 2151 706 2228 quibus
722 2153 872 2213 meritum
885 2172 910 2214 ιε

114 2247 310 2309 Dominicae
327 2248 491 2324 passionis
507 2251 769 2310 commendatur:
792 2268 874 2327 quae

112 2345 269 2406 omnibus
291 2347 462 2406 sacrificiis
484 2347 642 2424 legalibus
669 2357 701 2408 et
722 2349 874 2408 omnibus

112 2443 283 2504 laboribus
304 2462 341 2504 ac
357 2445 533 2505 virtutibus
552 2455 739 2506 sanctorum
755 2445 875 2523 dignis·

112 2541 201 2602 sime
233 2542 425 2617 praefertur.
475 2543 558 2602 Nam
595 2543 627 2602 in
659 2542 813 2618 passione
843 2553 875 2603 et

113 2654 215 2698 cruce
238 2638 364 2699 Christi
387 2655 465 2698 vera
493 2641 583 2699 salus
610 2648 737 2716 nostra,
766 2648 798 2699 et
826 2657 911 2705 rem

113 2734 260 2810 demptio
283 2736 417 2796 humani
440 2738 572 2814 generis
592 2738 784 2814 plenissime
799 2755 875 2799 con·

113 2843 198 2908 stat3
220 2850 279 2909 per
300 2852 396 2911 quarn
414 2835 569 2898 Christus
591 2854 652 2896 nos
675 2837 822 2913 redemit,
844 2848 876 2898 et

114 2947 176 3008 pro
199 2932 342 3006 peccatis
363 2933 486 2993 nostris
503 2935 573 2994 Deo
591 2935 676 2995 Patri
700 2935 874 2996 satisfecit:

114 3038 150 3089 et
172 3029 357 3106 paradisum
380 3031 475 3091 nobis
490 3031 618 3092 devicta
632 3043 735 3093 morte
752 3050 875 3093 resera·

114 3127 174 3188 vit.
218 3127 289 3186 Hoc
319 3137 406 3203 patet
434 3127 467 3188 in
497 3130 621 3189 latrone
650 3129 813 3205 pendente
842 3131 911 3191 inas

114 3241 233 3285 cruce:
256 3225 308 3286 cui
331 3224 530 3302 dictumest,
552 3227 649 3287 hodie
664 3245 793 3288 mecum
810 3228 875 3288 eris

114 3324 150 3382 in
180 3322 340 3398 paradiso.
384 3323 413 3385 O
440 3324 522 3384 mira
548 3325 608 3384 Dei
638 3326 827 3400 clementia;
856 3343 875 3385 o

114 3419 315 3480 suavissima
337 3422 524 3497 responsio:
554 3440 573 3482 o
595 3424 746 3483 salutaris
768 3423 875 3484 crucis

114 3519 321 3594 benedicti03
343 3536 427 3596 quae
448 3520 606 3580 latronem
625 3521 664 3580 ab
679 3521 767 3580 omni
785 3530 875 3580 reatu

480 3625 517 3666 ros
727 3625 767 3667 ιε*
