2144 4194
75 465 389 520 &mim
425 467 469 519 [10]
503 465 824 519 Qffiffiffiw

74 600 200 661 traditas
231 599 371 660 fideliter
400 599 543 660 tradant:
579 609 614 659 ut
645 600 753 660 lesum
790 600 823 658 in

75 696 176 756 medio
198 697 367 757 doctorum
390 697 570 772 sedentem,
594 715 710 757 omnes
732 697 821 757 verbi

73 794 231 855 auditores
247 805 455 872 cognoscant,
471 796 546 856 etin
562 796 681 856 melius
692 812 823 871 semper

73 892 252 967 proficiant:
282 910 319 952 ac
343 893 448 952 Deum
479 893 533 969 qui
563 894 661 953 talem
687 891 821 969 gratiam

73 990 254 1051 doctoribus
271 990 417 1065 contulit,
433 991 550 1050 devote
561 989 754 1049 collaudent.
778 989 844 1048 Ets

73 1088 178 1149 sicut
208 1089 401 1149 doctrina
437 1099 476 1149 et
506 1088 719 1164 sapientia
750 1104 821 1146 ma-

71 1186 190 1262 gistri
227 1198 394 1247 ceteros
434 1185 719 1262 praecellunt:
761 1184 822 1243 ita

72 1284 169 1345 vitae
191 1285 341 1344 merito
364 1294 572 1344 etmorum
591 1281 822 1357 disciplina

71 1397 207 1441 omnes
243 1382 411 1458 praeire
447 1382 607 1442 debent.
664 1380 821 1440 Studeant

72 1496 144 1556 ergo
165 1480 249 1540 docti
273 1481 394 1556 pariter
409 1491 440 1541 et
455 1480 587 1555 indocti,
609 1488 673 1539 tarn
689 1487 820 1537 sanctae
833 1494 858 1536 ro

72 1577 257 1638 humilitatis
280 1588 312 1638 et
334 1578 559 1638 oboedientiae
582 1575 730 1652 exempla
746 1575 820 1634 lesu

73 1674 192 1736 Christi
214 1677 333 1737 imitari
357 1686 453 1753 atque
469 1675 599 1737 divinae
621 1691 658 1733 se
680 1672 821 1732 subdere

72 1773 231 1834 voluntati.
262 1774 521 1851 Exemplificavit
542 1771 630 1832 enim
646 1781 821 1846 utrumque

72 1868 101 1928 in
122 1888 157 1931 se
174 1871 329 1933 Christus
350 1889 433 1948 puer
454 1869 638 1931 duodennis
660 1881 692 1929 et
709 1868 822 1929 doctor

72 1969 230 2045 caelestis3
247 1970 323 2029 dum
335 1986 426 2029 more
437 1967 645 2044 parvulorum
657 1965 821 2042 magistris
833 1984 856 2025 ιε

72 2081 176 2125 aurern
199 2066 364 2143 praebuit,
393 2074 425 2126 et
447 2073 637 2125 reverenter
656 2072 751 2139 caput
773 2063 820 2122 in-

16 2161 17 2178 l
72 2162 212 2224 clinavit:
237 2174 335 2241 atque
357 2181 375 2222 a
396 2162 584 2222 beatissima
606 2172 708 2222 matre
730 2160 820 2221 beni·

71 2261 222 2334 gnissime
252 2270 439 2338 correptus,
468 2270 584 2337 sponte
614 2277 688 2319 mox
715 2259 820 2335 paruit

72 2360 270 2434 parentibus,
299 2369 332 2419 et
352 2360 411 2420 ivit
433 2376 507 2420 cum
529 2358 611 2434 illis3
633 2358 717 2417 sicut
739 2367 819 2417 trac-

16 2481 18 2498 =
72 2457 172 2517 labilis
194 2458 351 2533 moribus,
380 2458 477 2517 itaet
501 2456 669 2516 subiectus
694 2454 856 2531 legibusao

16 2629 18 2640 ‚
72 2561 130 2613 tarn
152 2555 273 2615 divinis
296 2573 392 2632 quam
415 2554 583 2615 humanis:
611 2563 706 2630 prout
727 2570 820 2628 opor·

72 2653 126 2712 tuit
147 2671 183 2714 ac
206 2653 315 2714 decuit
344 2653 376 2713 in
399 2653 533 2730 agendis
555 2664 588 2711 et
609 2651 820 2711 dimittendis,

107 2751 236 2811 Vtinam
267 2751 409 2811 Domine
442 2751 516 2811 lesu
548 2749 627 2809 milri
659 2749 820 2809 concedas

72 2846 163 2907 huius
179 2847 254 2908 lacti
266 2848 311 2908 tui
324 2847 492 2907 historiam
504 2847 692 2920 diligentius
705 2863 820 2922 specu·

72 2942 133 3005 lari.
176 2946 260 3006 Nam
283 2945 390 3005 sentio
413 2962 540 3005 mecum
563 2945 597 3004 in
619 2944 734 3020 spiritu
758 2943 856 3003 ire-25

73 3052 204 3115 quenter
218 3043 360 3118 actitari;
382 3043 468 3120 quod
488 3060 645 3118 praesens
667 3043 699 3102 in
723 3058 819 3101 carne

73 3141 167 3201 semel
183 3158 257 3201 cum
281 3151 383 3202 matre
405 3142 516 3219 egisti:
539 3159 612 3201 cum
635 3142 673 3200 ab
696 3157 734 3201 ea
749 3157 819 3216 per·

74 3235 151 3298 ditus
169 3256 263 3299 esses
285 3249 317 3300 et
339 3239 540 3300 reinventus,
570 3239 644 3298 Heu
667 3238 819 3315 quotiens

73 3340 100 3391 te
114 3337 211 3411 perdo
227 3337 369 3412 peccatis
385 3338 469 3397 meis
484 3337 705 3414 exigentibus3
722 3353 818 3412 quam

75 3431 167 3494 tristis
188 3435 305 3494 incedo
328 3451 402 3495 cum
426 3435 518 3494 luero
541 3434 675 3511 agratia
696 3442 750 3492 tua
765 3433 856 3493 de-ao

75 3540 189 3591 sertus:
219 3540 251 3591 et
273 3531 422 3607 propriae
444 3531 624 3607 paupertati
649 3530 720 3590 sine
743 3547 819 3590 con·

425 3637 463 3678 125
