2122 4196
63 413 107 463 ω
144 387 316 453 memmio
334 411 371 452 DE
387 409 618 454 INCARNATIONE
633 409 758 452 CHRISTI
790 411 831 463 ἴῃ)

65 543 298 605 testimonium
320 561 338 603 a
360 554 391 605 te
414 545 584 620 prolatum.
618 544 652 605 Si
675 545 762 604 enim
785 555 830 606 te·-

64 642 263 704 stimonium
275 642 418 702 hominis
427 641 598 719 accipitur3
606 642 829 702 testimonium

65 752 162 802 tuum
179 741 287 800 maius
303 751 363 816 est,
385 741 462 817 quia
476 740 598 801 veritas
613 758 650 801 es
665 756 749 816 quae
764 757 829 800 non

66 839 168 898 fallit:
184 838 346 914 sapientia
358 855 442 914 quae
453 839 562 898 omnia
573 838 673 898 novit.
693 838 831 914 Propter

65 945 216 996 nostram
233 944 342 994 tamen
358 935 613 996 imbecillitatem
638 935 853 996 firmandams

64 1032 247 1093 adhibuisti
271 1034 464 1109 prophetas;
486 1033 541 1110 qui
564 1033 659 1094 nobis
675 1034 829 1109 profuere

64 1147 136 1190 non
158 1129 235 1190 tibi:
257 1130 342 1191 sicut
358 1132 454 1192 etiam
478 1133 672 1209 quibusdam
695 1149 829 1208 respon-

64 1228 156 1288 disti.
200 1227 274 1287 Non
304 1239 436 1304 propter
460 1246 513 1290 me
535 1247 598 1290 vox
621 1230 701 1289 haec
724 1230 829 1292 venit:

64 1327 128 1387 sed
158 1335 291 1402 propter
313 1344 382 1387 vos.
425 1327 564 1388 Gaudeo
594 1327 691 1404 igitur
721 1345 829 1389 aman-

64 1425 198 1486 tissime
216 1425 291 1485 Iesu
314 1424 347 1484 in
364 1425 517 1485 omnibus
539 1443 622 1503 quae
638 1425 737 1486 locuti
753 1436 829 1487 sunt
840 1441 866 1481 ro

63 1524 264 1598 prophetae:
287 1522 397 1582 exulto
414 1531 447 1582 et
468 1522 501 1582 in
524 1523 577 1582 his
592 1539 675 1598 quae
690 1523 827 1598 apostoli

64 1619 164 1679 nobis
187 1619 389 1680 tradiderunt
412 1629 444 1680 et
465 1621 696 1696 evangelistae.
739 1620 828 1697 Quo-

63 1734 141 1779 rum
157 1717 304 1778 omnium
317 1735 382 1778 una
397 1717 489 1793 fides,
504 1735 591 1778 unus
602 1717 736 1793 spiritus
753 1717 827 1779 fuit:

63 1825 98 1876 et
136 1815 324 1876 intellectus
359 1833 488 1876 summe
520 1816 581 1876 sibi
615 1817 826 1877 concordam.

64 1913 212 1989 Spiritus
240 1914 329 1973 enim
358 1924 491 1974 sanctus
520 1913 708 1989 adimplevit
730 1914 863 1974 cordars

63 2028 201 2072 eorum:
230 2021 265 2072 ut
296 2011 545 2087 praeteritorum
568 2011 665 2071 simul
688 2021 720 2072 et
743 2012 827 2072 lutu-

64 2126 180 2169 rorum
204 2119 359 2186 caperent
381 2127 508 2169 arcana.
545 2109 639 2186 Quae
655 2109 731 2168 dum
755 2111 826 2186 lego

63 2209 119 2268 vel
137 2206 252 2282 audio;
269 2216 336 2267 tota
352 2206 425 2266 fidei
443 2206 617 2266 devotione
632 2207 826 2282 amplector:

64 2315 97 2364 et
114 2304 149 2364 in
166 2303 211 2363 tui
227 2304 372 2364 nominis
387 2321 497 2364 amore
513 2305 663 2380 quamvis
673 2304 827 2381 indignus

64 2413 221 2479 peccator
242 2402 413 2462 accendor.
444 2402 527 2462 Mihi
550 2403 740 2463 deserviunt
755 2418 862 2478 pro-ao

64 2503 240 2577 phetarum
256 2499 403 2576 eloquia:
418 2517 531 2560 eorum
548 2500 694 2559 visiones
709 2508 741 2559 et
756 2517 827 2561 cae-

64 2601 169 2659 lestes
191 2597 416 2658 allocutiones.
447 2597 529 2657 Mihi
553 2597 825 2674 evangelistarum

63 2695 243 2772 proficiunt
257 2694 392 2771 scripta:
414 2703 510 2770 atque
531 2694 765 2770 discipulorum
781 2706 826 2755 te-

64 2811 142 2854 cum
166 2792 443 2867 conversantium,
466 2790 645 2867 corporalis
664 2801 826 2867 aspectus

64 2891 198 2951 auditus
223 2899 256 2950 et
277 2899 392 2950 tactus.
437 2889 500 2948 Pro
523 2905 575 2948 me
597 2888 749 2948 viderunt
771 2889 862 2964 quizs

64 2987 155 3064 digni
173 2987 323 3062 fuerunt;
338 3003 396 3062 pro
413 3003 465 3047 me
481 2986 653 3047 audierunt
668 2987 722 3063 qui
735 3003 826 3047 enar-

65 3101 139 3145 rare
169 3084 369 3144 debuerunt:
398 3101 456 3160 pro
479 3101 531 3144 me
553 3085 745 3161 tetigerunt,
771 3086 825 3162 qui

66 3199 120 3242 me
143 3182 177 3241 in
201 3181 264 3241 lide
286 3181 498 3242 confortaturi
521 3194 622 3242 erant.

108 3279 289 3339 Perhibent
321 3290 562 3356 consequenter
597 3280 825 3357 gloriosissimi
851 3310 913 3341 MAR-

67 3387 229 3454 martyres
259 3377 305 3437 tui
332 3377 570 3438 validissimum
601 3377 824 3438 testimonium
835 3363 920 3395 ms·

68 3475 136 3535 tibi.
180 3475 223 3534 Hi
245 3491 388 3551 namque
417 3492 482 3535 non
512 3484 636 3537 tantum
660 3475 728 3536 oris
750 3492 825 3535 con-

436 3581 460 3621 41
