2128 4190
218 423 258 473 ΕΒ
276 420 449 472 [SERMONES
462 422 500 464 DE
510 421 577 463 vm
588 420 623 462 ΕΤ
634 420 783 464 ΡΑδδΙΟΝΕ
795 419 921 472 DOMINI]
938 419 982 471 (e.)

220 554 419 615 derisionem
450 554 484 614 in
515 554 668 631 passione
700 554 826 616 Christi
858 571 876 613 a
904 571 981 629 per-

220 653 294 714 lidis
326 651 454 712 ludaeis
484 651 679 713 sustinuisti.
723 653 847 712 lustum
878 651 983 728 igitur

220 759 270 810 est
297 767 316 809 o
338 749 424 809 bona
451 759 484 809 et
505 758 617 810 sancta
638 766 734 825 cmx,
762 759 797 810 ut
819 751 866 810 sis
886 749 983 810 socia

219 846 355 906 honoris
372 857 405 906 et
419 846 640 907 exaltationis:
662 864 746 923 quae
769 847 858 908 luisti
880 847 984 923 parti-

196 961 298 1020 sceps
320 943 525 1004 confusionis
547 955 579 1004 et
601 945 768 1006 maeroris.
804 945 910 1006 Nemo
933 954 983 1006 ta-

220 1058 295 1101 men
324 1041 509 1102 mortalium
538 1042 757 1103 sufficientem
787 1043 915 1103 laudem
945 1053 984 1102 et

220 1143 379 1201 honorem
402 1139 520 1216 poterit
542 1140 688 1217 dignitati
710 1150 784 1201 tuae
804 1141 983 1216 exhibere3

220 1239 317 1300 etiam
347 1238 375 1298 si
405 1238 551 1299 omnium
583 1239 771 1314 angelorum
803 1237 984 1298 virtutibus

220 1337 397 1398 emineret:
428 1347 483 1396 aut
512 1345 699 1397 sanctorum
729 1335 895 1395 miraculis
925 1352 983 1395 co-

187 1445 377 1496 roruscaret.
420 1435 538 1497 Omnis
564 1435 635 1494 laus
662 1443 694 1494 et
714 1435 821 1494 honor
841 1431 985 1492 inferior

220 1543 271 1595 est
292 1543 324 1593 et
339 1533 435 1609 longe
451 1533 558 1592 minor
571 1532 605 1592 in
621 1531 741 1607 verbis
763 1547 859 1607 quam
875 1530 983 1607 digni-

220 1643 270 1692 tas
285 1641 340 1691 tua
354 1630 503 1707 requirit:
519 1630 596 1708 quia
610 1647 650 1689 ex
665 1628 835 1690 beneficiis
851 1627 982 1691 Christi

220 1730 315 1791 nobis
331 1729 464 1807 copiose
480 1727 615 1803 collatis,
638 1736 669 1786 et
691 1743 731 1786 ex
752 1736 807 1787 tua
825 1743 983 1802 perseve-

222 1827 303 1888 ranti
330 1826 528 1888 adhaesione
551 1825 584 1885 in
606 1824 721 1885 mortis
743 1823 879 1884 articulo
902 1841 980 1884 cum

188 1946 212 1986 rs
222 1925 372 2000 Christo,
393 1923 551 2000 ampliora
571 1921 627 1982 tibi
651 1921 781 1982 laudum
804 1922 984 1998 praeconia

221 2023 292 2084 iure
314 2024 484 2084 debentur.
527 2022 563 2081 ln
592 2023 655 2081 hoc
677 2020 817 2081 maxime
840 2020 983 2080 fidelitas

221 2119 382 2181 amicitiae
412 2120 636 2197 cognoscitur3
667 2136 740 2178 cum
769 2118 844 2194 quis
873 2119 983 2178 amico

221 2235 281 2277 suo
303 2218 336 2277 in
359 2219 474 2278 ultima
494 2217 691 2278 necessitate
718 2225 816 2291 astat,
845 2226 877 2276 et
903 2232 984 2276 con-

220 2315 308 2375 dolet
336 2327 368 2376 et
397 2316 605 2393 obsequitur:
635 2324 667 2376 et
695 2331 801 2390 usque
827 2314 867 2373 ad
893 2314 983 2374 vitae

184 2413 342 2473 coexitum
365 2413 554 2475 individuus
569 2430 681 2474 comes
701 2421 900 2488 perseverat.
934 2412 985 2471 lta

220 2520 308 2571 certe
331 2511 425 2587 egisti
453 2529 472 2571 o
495 2511 685 2571 fidelissima
711 2527 791 2570 crux
812 2525 887 2569 cum
912 2509 985 2570 Sal-

220 2619 332 2669 vatore
355 2608 496 2669 Domino
518 2617 630 2668 nostro
654 2608 729 2667 lesu
748 2605 901 2682 Christ03
924 2607 983 2682 qui

221 2716 252 2766 te
274 2706 415 2782 primum
438 2707 470 2766 in
493 2706 617 2766 umeris
639 2706 709 2766 suis
731 2705 892 2780 patienter
907 2721 984 2780 por-

221 2804 314 2864 tavit:
344 2814 376 2864 et
401 2815 435 2863 tu
458 2821 554 2864 versa
575 2804 647 2864 vice
670 2803 862 2866 Creatorem
886 2811 981 2864 tuum
1061 2861 1062 2876 q

184 2901 392 2977 asdignanter
402 2902 487 2962 inter
496 2901 648 2962 bracchia
662 2911 717 2963 tua
727 2899 893 2976 accepisti.
915 2901 983 2962 Sed
1061 2915 1062 2918 ’

221 3016 282 3059 nec
304 2999 411 3075 ipsum
435 3009 612 3060 amatorem
635 3010 726 3060 tuum
750 2997 891 3060 linaliter
906 2999 983 3059 reli-

221 3096 335 3173 quisti:
351 3115 369 3156 a
384 3107 525 3173 quotam
542 3096 722 3156 clementer
737 3097 919 3172 amplexata
932 3114 983 3172 es,

222 3204 253 3254 et
268 3194 363 3270 longe
386 3194 561 3270 deportata.
590 3193 685 3254 Vnde
700 3203 732 3253 et
746 3193 835 3252 veris
851 3192 984 3253 christi-

221 3291 302 3351 colis
331 3301 363 3351 et
392 3291 564 3352 cruciferis
589 3292 760 3367 speculum
788 3290 983 3352 tolerantiae
1061 3353 1062 3370 χ

184 3389 254 3452 soin
277 3389 487 3466 castigatione
510 3387 618 3448 carnis
639 3405 676 3448 es
698 3387 830 3448 effecta:
861 3389 919 3449 sed
949 3401 985 3450 et

221 3486 367 3548 omnium
390 3488 536 3547 laborum
559 3485 745 3560 victricem,
774 3495 806 3546 et
832 3495 985 3547 aeterno-

578 3589 619 3630 202
