2122 4196
68 614 159 673 Libri
196 615 292 674 etiam
329 615 431 690 aperti
468 625 561 691 sunt,
597 627 628 677 et
658 634 830 678 sermones

68 721 258 772 sanctorum
291 712 509 789 multiplicati:
543 723 576 774 et
608 714 717 773 omnia
745 714 829 774 bene

69 811 218 870 ordinata
248 829 266 870 a
298 811 444 887 patribus
475 812 509 871 in
544 811 678 888 agendis
709 811 829 871 divinis

69 907 201 968 officiis,
244 908 334 985 Quid
362 909 460 985 igitur
485 911 586 969 habes
608 910 734 986 dicere,
763 928 829 970 non

70 1023 144 1066 sum
165 1007 282 1067 valens
304 1025 361 1083 pro
384 1008 468 1068 bona
497 1008 724 1083 meditatione3
754 1023 852 1068 cums

71 1113 157 1165 tanta
179 1104 246 1164 sint
267 1115 456 1182 praeparata
478 1105 512 1165 in
537 1116 728 1167 cunctorum
753 1106 829 1166 fide-

70 1202 150 1262 lium
173 1203 460 1263 consolationem?
487 1202 631 1279 Tempus
647 1204 744 1263 etiam
767 1205 829 1264 boc

70 1300 213 1359 hiemale
241 1310 352 1376 aptum
381 1301 461 1361 satis
490 1311 539 1361 est
568 1319 626 1377 pro
655 1301 829 1362 devotione

70 1398 270 1457 exercenda:
293 1408 325 1458 et
340 1398 461 1459 unione
478 1416 551 1458 cum
568 1399 710 1459 Domino
726 1399 829 1474 possi·

70 1495 187 1554 denda.
209 1494 371 1572 Quamvis
382 1497 470 1557 enim
485 1497 636 1574 Frigidum
649 1497 704 1558 sit:
720 1507 829 1557 tamen
841 1513 865 1553 m

69 1592 191 1652 interni
218 1593 340 1653 amoris
369 1593 557 1656 incendium
589 1594 740 1670 impediri
762 1612 828 1655 non

69 1701 188 1767 potest,
210 1709 272 1751 nec
288 1692 442 1769 extingui.
472 1692 537 1754 Sed
557 1702 589 1753 et
603 1702 718 1753 noctes
733 1693 828 1753 solito

69 1789 248 1865 longiores,
270 1790 393 1851 diutius
415 1792 526 1852 orandi
550 1801 647 1869 atque
669 1791 828 1868 psallendi

68 1885 218 1947 tribuunt
250 1887 454 1950 facultatem:
485 1906 546 1948 nec
578 1906 644 1949 non
671 1888 829 1964 asperitas

70 1983 226 2044 imbrium
241 1995 415 2047 ventorum
431 1987 482 2046 vis
504 1996 536 2047 et
551 1987 649 2063 algor,
672 1986 827 2062 evagandi
841 2004 865 2044 ιε

70 2082 189 2143 tollunt
204 2084 488 2159 opportunitatem.
529 2083 650 2145 Omnia
673 2084 760 2144 enim
783 2084 829 2143 vi-

70 2180 189 2241 dentur
202 2198 292 2240 nunc
308 2180 435 2258 dicere3
456 2192 585 2242 maneat
601 2182 829 2258 unusquisque

71 2279 155 2354 apud
178 2296 235 2338 se:
257 2287 290 2338 et
312 2290 449 2355 occupet
464 2297 500 2340 se
522 2289 646 2340 tantum
662 2296 736 2346 cum
754 2280 828 2339 Iesu

72 2375 122 2435 die
154 2394 191 2435 ac
224 2385 330 2436 nocte.
374 2376 493 2436 Nullus
524 2378 709 2454 egrediatur
739 2386 829 2437 extra

71 2474 190 2534 ostium
213 2474 414 2534 tabernaculi
437 2475 498 2550 sui,
520 2474 596 2550 quia
617 2484 747 2550 tempus
762 2488 865 2534 nonao

70 2571 207 2647 patitur3
230 2571 288 2650 sed
311 2572 488 2632 sabbatizet
502 2573 670 2631 sabbatum
691 2571 827 2631 mentis:

69 2679 100 2730 et
114 2679 289 2745 praeparet
305 2669 447 2730 Domino
463 2670 569 2730 locum
588 2669 827 2746 pulcherrimae

67 2767 102 2827 in
130 2784 170 2827 se
198 2766 391 2826 mansionis,
441 2767 524 2827 Nam
556 2776 676 2844 quanto
708 2782 827 2825 sensus

69 2865 253 2926 exteriores
282 2864 385 2941 magis
414 2864 554 2925 restricti
577 2874 654 2925 sunt
676 2874 707 2924 et
729 2864 827 2939 uniti;

69 2972 157 3023 tanto
181 2961 318 3038 spiritus
339 2963 427 3022 intus
449 2962 583 3022 liberior
604 2961 656 3022 fit:
679 2971 711 3020 et
728 2961 766 3020 ad
783 2961 864 3020 di-25

68 3060 144 3121 vina
173 3060 424 3136 contemplanda
451 3060 623 3136 potentior.
674 3058 738 3119 Sed
764 3059 827 3118 iam

68 3159 112 3218 nil
137 3167 264 3219 restare
286 3157 431 3232 videtur,
460 3174 557 3234 quam
585 3156 687 3233 gratia
711 3165 742 3216 et
765 3156 827 3216 vir-

68 3265 120 3316 tus
158 3255 301 3332 Spiritus
344 3255 466 3331 sancti3
511 3255 583 3315 sine
628 3271 691 3331 qua
733 3253 828 3329 inops

68 3364 117 3414 est
138 3353 208 3413 vita
228 3361 357 3412 nostra:
386 3362 417 3411 et
439 3352 524 3413 infra
550 3353 661 3412 iacens
684 3351 827 3410 hominis

1 3527 3 3546 ³
69 3451 234 3526 quaelibet
262 3448 438 3525 diligentia.
482 3450 572 3509 Haec
595 3459 702 3509 autem
727 3449 755 3508 si
778 3466 864 3508 as-ao

71 3548 127 3624 sit,
156 3549 222 3608 cito
246 3547 285 3606 ad
307 3546 477 3622 superiora
498 3548 595 3624 rapit:
620 3559 652 3607 et
677 3546 755 3607 satis
778 3555 828 3605 est

98 3652 251 3695 TiromaaaK.
261 3649 345 3704 Opera.
357 3651 397 3693 111.
439 3651 466 3693 65
709 3653 722 3691 5
