2144 4194
220 437 260 489 Εἷς
278 435 452 488 [SERMONES
464 436 503 479 DE
512 435 580 477 VITA
591 434 626 477 ET
637 433 786 478 Passionis
798 434 923 486 DOMlNl]
940 435 984 487 ω

222 570 405 630 carnalibus
428 578 460 629 et
475 568 698 629 saecularibus
715 585 825 628 sermo
841 568 981 644 abnega-

220 668 329 744 tionis,
344 677 376 728 et
391 666 583 744 perditionis
598 667 684 727 vitae
699 666 898 742 praesentis3
918 666 981 725 sed

221 766 404 826 amantibus
420 765 592 827 Christum
614 782 714 840 super
728 764 793 824 mel
814 774 845 824 et
867 764 981 824 favum

221 865 305 940 sapit
320 864 462 924 dulcius:
479 863 555 939 quia
564 873 733 924 aeternum
749 871 919 938 praeparat
930 878 983 921 re-

199 980 212 1020 s
221 978 331 1038 gnum,
346 979 445 1022 verax
461 961 629 1037 abnegatio
645 961 696 1020 sui
712 970 845 1037 propter
860 960 982 1019 Deum.

221 1058 324 1119 Amor
346 1059 421 1119 Iesu
444 1058 505 1118 scit
527 1058 590 1133 pati
614 1059 698 1117 mala
717 1058 919 1134 praesentia:
949 1067 983 1117 et

222 1158 307 1218 valet
342 1156 548 1231 disrumpere
579 1155 750 1214 commoda
779 1155 983 1230 temporalia.

223 1256 297 1316 Non
312 1257 404 1317 timet
418 1254 593 1330 vilipendi:
609 1270 670 1314 nec
681 1253 810 1314 affectat
825 1253 982 1312 honores.

223 1353 291 1414 Scit
312 1363 421 1414 tacere
444 1353 482 1412 ad
505 1352 657 1412 iniurias:
679 1368 746 1411 non
767 1351 885 1428 cogitat
907 1352 982 1410 red-

189 1470 213 1510 ro
223 1451 300 1510 dere
316 1451 421 1511 vicem
437 1450 650 1511 laedentibus,
673 1449 775 1509 Amor
791 1450 866 1509 lesu
881 1449 982 1508 habet

224 1549 481 1609 consolationem
497 1547 713 1608 invisibilem:
729 1555 879 1622 expectat
894 1546 983 1605 fruc-

224 1655 291 1706 tum
314 1646 630 1706 immarcescibilem.
673 1646 739 1722 Ego
766 1644 872 1721 inquit
894 1644 978 1720 elegi

223 1744 331 1803 vosde
342 1744 474 1818 mundo,
485 1743 688 1820 pergratiam
699 1760 805 1803 meam
816 1742 980 1802 vocando:

224 1851 258 1902 ut
273 1841 354 1901 eatis
370 1841 490 1900 avobis
506 1841 587 1917 ipsis
603 1841 765 1917 propriam
776 1840 978 1900 voluntatem

190 1939 423 2014 rsdeserendo;
452 1947 483 1998 et
506 1938 646 1999 lructum
670 1937 812 1998 caritatis
834 1937 980 1998 afferatis

224 2054 276 2096 me
308 2027 407 2112 super
438 2036 547 2095 omnia
578 2034 757 2112 diligendo:
789 2044 820 2095 et
853 2034 979 2094 fructus

223 2143 334 2194 vester
354 2141 482 2193 maneat
502 2133 535 2192 in
551 2142 682 2192 aeterna
696 2131 897 2192 beatitudine
912 2148 980 2191 me·

224 2249 297 2292 cunr
309 2231 483 2309 regnando.
504 2231 641 2291 Fructus
652 2240 759 2291 autem
771 2230 879 2289 carnis
890 2247 979 2290 mors

224 2338 289 2389 est:
305 2346 403 2405 quem
418 2328 541 2388 vermis
556 2345 622 2387 non
638 2327 816 2387 moriturus
832 2326 982 2403 sequitur

187 2438 255 2490 met
277 2429 362 2505 ignis
384 2437 546 2487 aeternus.
589 2426 617 2486 A
640 2442 704 2502 quo
726 2443 787 2485 nos
810 2424 983 2498 custodiat,

224 2526 278 2602 qui
301 2525 457 2605 mundum
481 2535 702 2598 contemnere,
725 2534 756 2582 et
778 2539 910 2582 carnem
926 2522 982 2581 do-

224 2640 312 2684 mare
328 2623 455 2683 docuit:
477 2623 569 2682 lesus
586 2621 740 2683 Christus
756 2637 848 2680 amor
863 2631 895 2681 et
910 2619 982 2679 red-

223 2721 344 2798 emptio
365 2730 485 2780 nostra.
529 2719 645 2779 Arnen.

224 2899 281 2958 DE
304 2896 589 2959 PAVPERTATE
612 2897 708 2957 IESV
732 2893 982 2969 SECTANDA,

186 3030 213 3071 25
330 2995 380 3056 ET
404 2994 524 3057 CVRA
546 2991 874 3056 TEMPORALIVNl

471 3090 730 3154 ABICIENDA.

554 3204 647 3268 [xvu]

223 3245 430 3476 Qum
456 3309 573 3383 foveas
603 3304 737 3374 habent,
775 3307 807 3362 et
836 3303 982 3363 volucres

359 3405 442 3463 coeli
464 3402 578 3462 nidos:
594 3401 687 3476 filius
707 3404 816 3459 autem
838 3400 980 3460 hominis

186 3515 287 3561 aunon
309 3502 406 3560 habet
427 3500 480 3559 ubi
500 3504 599 3574 caput
618 3515 711 3558 suum
734 3498 874 3558 reclinet.
916 3498 979 3558 Hic

583 3603 620 3644 rsa
