2114 4168
220 421 340 472 eneae&
359 418 533 460 cannones
550 417 588 458 oa
604 415 697 458 seura
712 415 842 457 umorue
860 417 981 470 mee

222 570 355 627 novam,
383 551 481 611 timor
502 550 671 623 abscedat,
698 549 893 625 ambiguitas
915 566 982 609 non

222 668 275 711 me
298 659 427 710 moveat
448 648 605 724 amplius:
632 664 693 707 nec
715 647 901 722 desperatio
925 664 984 722 per

222 748 328 808 varias
359 749 589 825 temptationes
612 748 753 823 frangat,
785 746 842 805 sed
865 762 984 804 conso·

223 848 307 906 letur
333 863 385 906 me
407 848 543 906 verbum
567 845 671 919 istud,
699 844 786 920 quod
809 861 827 902 a
848 853 881 902 te
903 843 983 918 petii

199 944 334 1003 saudire
363 954 395 1005 et
422 942 510 1003 cordi
541 959 615 1002 meo
637 941 794 1001 attentius
816 959 984 1001 commen·

223 1042 309 1101 dare.
341 1042 425 1101 Ecce
448 1050 550 1100 mater
565 1050 628 1100 tua.
657 1038 867 1115 Amplectere
883 1056 984 1113 nunc,

223 1140 330 1199 anima
352 1158 435 1214 mea,
457 1141 541 1198 hanc
564 1138 894 1212 commendationem,
916 1155 983 1197 am-

223 1240 367 1314 plectere
382 1237 604 1298 dulcissimam
617 1237 767 1311 Mariam,
782 1235 983 1311 amplectere

225 1336 285 1395 Dei
309 1346 444 1396 matrem
468 1352 541 1394 cum
564 1337 700 1410 parvulo
723 1335 790 1395 lilio
820 1352 882 1394 suo
907 1335 982 1393 lesu

191 1451 300 1509 loprae
321 1434 398 1494 filiis
413 1433 582 1493 hominum
599 1433 847 1508 speciosissimo
863 1433 984 1509 gratias
1041 1473 1042 1498 r

224 1532 269 1592 illi
293 1532 417 1609 agendo
439 1548 586 1607 semper,
614 1529 691 1607 qula
711 1531 782 1606 ipsa
804 1540 871 1605 est,
898 1547 982 1605 quae
1041 1573 1042 1580 κ

224 1646 340 1705 preces
368 1629 540 1690 consuevit
568 1628 680 1688 audire
709 1644 891 1703 pauperum
922 1645 983 1688 nec

225 1727 446 1787 inconsolatos
467 1727 609 1801 dimittit,
632 1743 715 1803 quos
731 1737 984 1802 perseveranter

225 1826 263 1885 ad
286 1842 322 1885 se
345 1826 484 1885 clamare
507 1823 724 1900 conspexerit.
754 1824 846 1883 Haec
863 1834 915 1884 est
930 1825 984 1884 illa

192 1922 349 1982 isdeilera
370 1923 461 1998 virgo
488 1933 519 1982 et
540 1923 630 1997 virga
652 1921 807 1998 mystica,
836 1938 922 1996 quae
944 1938 983 1981 ex

225 2020 323 2096 regali
353 2019 454 2095 stirpe
482 2019 650 2095 progenita
672 2018 773 2078 divini
797 2018 889 2078 lloris
911 2035 983 2094 pro-

224 2118 297 2177 tulit
312 2117 527 2194 amygdalum,
542 2118 649 2193 ipsum
662 2117 844 2190 Christum,
860 2117 981 2192 Regem

224 2233 261 2275 ac
281 2215 480 2276 Salvatorem
504 2214 661 2288 omnium,
683 2213 734 2274 cui
757 2213 800 2272 sit
822 2215 931 2273 honor
951 2224 983 2273 et

224 2313 327 2388 gloria
349 2312 381 2373 in
404 2313 536 2372 saecula
557 2313 774 2372 saeculorum.
819 2309 938 2372 Amen.

188 2517 215 2557 20
586 2513 616 2560 X.

263 2631 373 2692 Oratio
401 2633 445 2691 ad
474 2633 600 2690 beatam
629 2631 783 2705 virginem
810 2630 952 2692 Mariam

282 2747 485 2806 quacumque
507 2729 715 2789 tribulatione
736 2729 931 2802 insurgente.

226 2844 388 3028 &Vc
411 2898 534 2973 Maria,
560 2898 662 2974 gratia
683 2897 793 2972 plena,
821 2898 986 2957 Dominus
1041 2945 1042 2948 ,

258 2986 295 3047 »Ὑί
310 2963 333 3021 ‘⁷
359 3007 478 3070 tecum,
500 2996 591 3073 virgo
614 3012 740 3055 serena.
781 2993 853 3054 Ave
876 2995 986 3072 singu·
1041 2979 1042 2990 ἵ

190 3105 217 3145 25
227 3094 304 3154 laris
327 3111 403 3171 spes
419 3111 608 3171 egenorum.
640 3092 710 3153 Ave
726 3091 868 3169 benigna
884 3104 988 3154 mater

227 3193 457 3268 orphanorum.
500 3192 528 3254 O
559 3191 681 3266 Maria,
711 3191 840 3266 quando
871 3209 987 3252 omnes

228 3289 308 3348 caeli
338 3299 449 3365 portae
478 3291 608 3350 clausae
638 3300 731 3365 sunt,
761 3291 853 3350 etad
878 3292 985 3352 Deum

228 3386 372 3461 undique
392 3386 473 3446 mihi
489 3405 645 3447 accessus
660 3388 839 3463 denegatur
853 3399 987 3465 propter
1041 3397 1042 3428 ³

229 3491 361 3557 peccata
396 3500 485 3543 mea:
521 3483 650 3558 quando
682 3500 778 3543 omne
810 3486 985 3546 consillum

585 3587 626 3628 aar
