2118 4186
59 427 386 480 ρῆςρῆςφωρῆς
422 430 466 481 [³11
500 428 820 482 ωωωςρωρω

61 560 249 621 lectationis
263 560 320 621 tibi
336 578 395 637 per
410 579 529 623 sensus
544 561 695 623 occurrit.
721 563 821 622 Beata

61 658 116 717 illa
131 658 241 718 anima
256 676 339 735 quae
354 659 454 719 odore
465 671 681 735 ungentorum
694 661 819 722 Christi

61 755 203 815 trahitur
224 756 262 815 ad
285 758 426 817 caeleste
447 757 633 817 convivium
650 760 820 835 degustan-

62 854 157 913 dum:
188 864 220 912 et
249 870 322 912 curn
348 854 517 929 psalmista
543 857 659 916 clamat
681 866 713 916 et
734 856 820 917 dicit.

63 951 309 1010 Delectationes
339 950 372 1009 in
405 951 536 1011 dextera
566 962 621 1012 tua
651 971 756 1030 usque
788 954 844 1013 ins

62 1049 180 1110 finem:
210 1048 351 1108 satiabor
380 1060 505 1125 autern,
534 1067 608 1110 cunr
638 1053 822 1128 apparuerit

62 1146 167 1222 gloria
198 1157 262 1206 tua.
312 1148 479 1208 Falluntur
510 1159 598 1209 certe
629 1166 745 1210 omnes
775 1150 822 1209 in·

63 1235 225 1321 sipientes
248 1245 355 1320 corde,
378 1247 432 1322 qui
453 1247 586 1307 omissis
602 1249 690 1309 veris
705 1259 737 1308 et
752 1267 822 1309 cae·

62 1343 204 1402 lestibus
226 1343 330 1417 bonis
353 1345 594 1406 consolationes
609 1357 770 1423 quaerunt
789 1347 822 1406 in

63 1441 223 1501 terrenis:
246 1452 277 1500 et
299 1442 371 1502 sine
388 1443 480 1504 ireno
496 1443 572 1505 iusti
589 1428 822 1504 moderaminis
834 1462 859 1503 to

64 1538 193 1598 inhiant
214 1539 325 1600 multis
347 1542 564 1617 possidendis.
608 1543 681 1602 Non
704 1552 754 1602 est
775 1542 822 1602 in·

65 1637 136 1714 quit
164 1638 332 1713 apostolus
363 1656 543 1716 regnum
575 1640 653 1700 Dei
685 1658 761 1700 esca
791 1649 824 1700 et

65 1746 179 1811 potus:
207 1736 265 1795 sed
290 1753 365 1812 pax
393 1747 432 1797 et
457 1738 650 1814 gaudium
677 1739 716 1798 in
741 1738 823 1814 Spi-

65 1832 150 1892 ritu
174 1844 296 1894 sancto.

107 1931 194 2007 Quis
223 1941 273 1992 est
300 1950 377 2009 ergo
406 1933 461 2010 qui
492 1936 613 2010 pascha
643 1935 676 1994 in
708 1935 822 2010 spiritu
836 1955 860 1994 15

67 2029 238 2089 celebrat?
267 2031 332 2107 Qui
349 2032 389 2091 de
404 2031 493 2092 vitiis
508 2033 547 2092 ad
563 2033 700 2093 virtutes
722 2043 825 2092 trans-

66 2128 201 2204 migrat,
230 2129 284 2204 qui
308 2131 348 2190 de
370 2131 472 2192 veteri
495 2132 561 2192 vita
586 2141 618 2191 et
644 2132 728 2190 mala
749 2148 824 2191 con-

66 2227 242 2287 suetudine
278 2227 311 2288 in
346 2245 451 2288 novae
487 2228 671 2289 devotionis
706 2238 824 2288 statum

65 2324 181 2401 surgit.
224 2325 309 2401 Quis
338 2335 388 2385 est
416 2325 471 2401 qui
500 2327 622 2402 pascha
650 2325 746 2401 digne
769 2327 825 2385 ho·

65 2421 188 2482 norat?
225 2422 290 2498 Qui
314 2424 499 2484 saeculares
522 2427 665 2484 honores
687 2424 861 2499 spernittao

65 2531 98 2581 et
120 2519 257 2596 gloriam
281 2520 406 2582 Christi
430 2521 462 2581 in
485 2521 612 2582 cunctis
634 2521 729 2581 bonis
750 2520 826 2580 acti·

65 2620 129 2678 bus
158 2617 228 2677 suis
249 2618 385 2694 quaerit.
428 2619 513 2695 Quis
536 2630 586 2679 est
607 2618 662 2695 qui
686 2619 825 2678 haedum
852 2653 853 2656 =

65 2717 106 2776 ad
130 2732 301 2791 vesperam
323 2717 464 2792 paschae
487 2717 661 2776 immolat?
697 2716 763 2792 Qui
786 2717 826 2775 de

64 2813 212 2889 peccatis
234 2814 304 2873 suis
326 2831 404 2874 vere
426 2815 585 2890 paenitet:
608 2825 639 2875 et
661 2815 701 2875 de
717 2824 826 2874 cetero

64 2927 206 2986 peccare
238 2911 374 2971 desistit.
424 2911 509 2987 Quis
540 2921 590 2972 est
621 2912 675 2988 qui
708 2929 825 2988 agnum
836 2933 863 2973 25

66 3024 180 3067 assum
193 3024 266 3068 curn
283 3009 418 3070 lactucis
433 3011 630 3071 manducat?
653 3010 718 3086 Qui
731 3010 827 3071 Chri·

67 3116 155 3165 stum
185 3104 218 3165 in
249 3123 346 3166 cruce
367 3125 500 3183 passum
524 3108 672 3168 dolenter
693 3107 826 3183 cogitat:

70 3213 102 3263 et
124 3203 318 3265 innocenter
341 3205 480 3265 vivendo
503 3223 540 3265 se
562 3205 706 3281 castigat.
743 3205 828 3281 Quis

72 3311 122 3361 est
147 3319 247 3363 verus
273 3303 462 3378 Hebraeus,
490 3304 545 3380 qui
575 3321 664 3364 mare
693 3303 827 3362 rubrum

72 3399 213 3460 transit?
256 3399 322 3478 Qui
345 3402 385 3461 de
407 3418 508 3461 sensu
531 3401 638 3462 carnis
660 3402 700 3462 ad
721 3401 864 3462 suavi-so

73 3506 168 3559 tatem
198 3497 333 3573 spiritus
362 3498 481 3575 pergit:
511 3509 543 3559 et
572 3517 609 3560 ea
636 3516 718 3576 quae
741 3507 827 3558 retro

431 3603 471 3644 aar
