2118 4186
228 443 348 494 Q&
367 442 541 486 oxthortes
558 445 597 486 DE
613 444 706 487 ΒΕΑΤΑ
720 446 847 488 VIRGINE
865 448 990 500 RQ&

229 577 309 636 hora
337 576 505 637 conlidens
535 578 575 638 de
603 589 658 640 tua
681 580 828 641 allluenti
858 581 990 641 miseri-

229 673 339 734 cordia
366 674 400 734 in
422 692 628 753 quacumque
658 677 751 738 luero
775 678 989 739 tribulatione

228 780 260 831 et
288 772 445 848 angustia.
488 773 571 833 Nam
602 784 635 834 tu
664 785 768 836 mater
796 794 833 846 es
857 777 990 836 miseri·

229 869 369 943 cordiae,
391 879 423 930 et
444 887 503 946 per
523 880 555 931 te
578 872 756 949 suscipitur
777 883 929 950 peccator
953 875 988 934 in

206 967 400 1028 smaximam
430 985 522 1045 spem
551 969 677 1030 veniae.
726 970 791 1031 Sed
820 984 852 1032 et
880 973 990 1033 maior

228 1077 277 1125 est
305 1067 433 1127 bonitas
462 1077 495 1127 et
515 1066 619 1143 pietas
640 1077 712 1143 tua,
740 1086 836 1145 quam
861 1087 989 1144 rumor,

227 1180 324 1239 quem
354 1163 461 1224 audivi
485 1165 627 1225 interra
655 1183 744 1242 mea,
773 1167 848 1243 quia
876 1167 988 1228 vincis

226 1279 358 1322 omnem
381 1263 509 1323 laudem
532 1273 564 1323 et
585 1263 720 1339 gloriam
741 1273 929 1324 sanctorum
954 1275 987 1324 et

227 1361 395 1435 praecedis
406 1369 588 1436 propterea,
602 1360 692 1438 virgo
704 1360 796 1421 beata
808 1371 840 1421 et
850 1361 987 1422 domina

192 1477 216 1516 ro
226 1459 421 1534 veneranda,
443 1458 475 1517 in
498 1458 617 1518 virtute
633 1458 816 1519 dulcedinis
838 1469 870 1520 et
891 1476 985 1519 man-

225 1556 409 1616 suetudinis
439 1556 618 1632 angelicam
655 1557 751 1617 etiam
788 1568 984 1618 creaturam.

224 1652 267 1713 At
288 1654 351 1714 nisi
375 1655 422 1714 sic
445 1664 550 1730 esset,
579 1655 665 1715 unde
694 1653 825 1715 miseris
854 1664 886 1714 et
913 1655 984 1715 reis

223 1760 310 1812 tanta
322 1751 449 1812 infundi
466 1752 699 1812 consolationis
715 1753 863 1826 dulcedo,
877 1761 983 1813 tanta-

223 1866 287 1925 que
302 1850 451 1910 alacritas
466 1849 583 1909 veniae
602 1858 714 1925 posset
733 1849 865 1926 ingeri?
894 1849 981 1910 Nam

190 1959 256 2007 rstu
279 1947 442 2008 exhauriri
465 1964 531 2006 non
554 1946 693 2023 poteriS,
722 1947 797 2023 quia
819 1947 852 2007 in
874 1957 907 2008 te
931 1965 983 2008 re·

222 2045 347 2122 quievit
368 2062 486 2105 novem
515 2044 684 2104 mensibus
713 2044 859 2105 infinitae
887 2046 983 2105 boni·
1048 2038 1049 2057 ¹

222 2143 297 2203 tatis
327 2143 400 2202 lons
424 2143 517 2202 lesus
540 2142 706 2203 Christus.
748 2140 796 2202 Tu
826 2160 862 2202 es
886 2159 983 2202 oma-

223 2250 368 2301 mentum
394 2239 475 2300 caeli
505 2241 687 2315 caelorum,
715 2250 749 2301 tu
770 2240 924 2316 gaudium
948 2251 984 2301 et
1047 2269 1048 2339 p

223 2338 368 2399 iubilatio
392 2338 537 2407 omnium
561 2346 758 2397 sanctorum.
799 2337 848 2397 Tu
871 2354 908 2398 es
930 2355 983 2398 re-

187 2435 428 2496 zoclinatorium
447 2452 581 2495 aureum
599 2434 707 2496 Sancti
723 2444 923 2511 sanctorum,
944 2446 981 2496 tu

223 2534 400 2610 tripudium
423 2544 454 2594 et
476 2533 656 2610 expectatio
681 2542 807 2610 patrum
830 2533 982 2611 antiquo·
1046 2545 1047 2621 l

224 2650 305 2692 rum.
349 2633 413 2693 Per
439 2641 471 2692 te
500 2642 635 2693 matrem
665 2631 887 2706 benedictam,
916 2632 982 2692 vir·
1045 2709 1046 2718 ἵ

222 2730 330 2806 ginem
367 2730 575 2806 singulariter
610 2729 845 2806 praeelectam,
886 2731 983 2791 datur

222 2827 375 2887 omnibus
404 2837 436 2888 et
457 2827 656 2903 promittitur
684 2827 810 2887 cunctis
834 2827 979 2888 divinam

186 2925 480 2985 zamisericordiam
524 2925 734 2985 exorantibus
777 2925 982 3001 indulgentia

223 3031 429 3098 peccatorum
459 3032 491 3082 et
519 3040 592 3083 sors
624 3023 709 3082 inter
740 3021 825 3082 lilios
855 3023 917 3082 Dei
947 3033 981 3083 et
1044 3079 1045 3092 ,

222 3121 386 3181 beatitudo
408 3120 480 3181 sine
497 3120 562 3181 line
578 3137 730 3180 mansura
752 3119 785 3179 in
801 3137 901 3196 regno
919 3119 980 3180 uti·
1044 3097 1045 3185 l

223 3235 287 3295 que
309 3219 484 3278 caelorum.

262 3313 979 3389 Oclarissimastellarenitensincaelo,caeli

185 3410 978 3488 soregina.Odominamundi‚nullapotestcom·
1043 3399 1044 3466 l

222 3509 325 3582 parari
343 3518 415 3568 tuae
430 3509 596 3586 virgineae
612 3508 845 3586 pulchritudini
856 3509 977 3585 qualis·
