2114 4168
234 478 355 530 Q&
382 475 556 519 ORATIONES
573 477 612 518 DE
627 476 703 519 nulls
719 475 846 520 sanctis
872 477 995 529 QX&

237 611 371 672 dicebat.
416 611 521 687 Pater,
543 628 626 688 quos
648 610 764 671 dedisti
787 609 885 686 mihi,
907 611 996 686 volo,

236 719 272 770 ut
292 709 346 768 ubi
369 726 429 785 ego
451 726 541 784 sum,
568 717 600 769 et
626 708 671 769 illi
694 710 760 769 sint
781 726 930 784 mecum,
961 719 997 769 ut

236 807 367 868 videant
395 807 573 867 claritatem
596 823 719 882 meam,
747 824 844 884 quam
874 806 995 867 dedisti

237 905 327 966 mihi.

214 1019 228 1059 5
281 1003 420 1079 Gaude,
460 1002 653 1063 beatissime
688 1000 813 1063 Thoma
848 1004 997 1080 apostole

236 1102 275 1162 ad
306 1118 453 1162 mensam
486 1100 611 1162 Christi
644 1101 794 1161 residens
827 1101 860 1161 in
892 1117 995 1178 regno

238 1199 343 1260 Patris
358 1199 440 1274 eius,
461 1216 527 1259 non
549 1199 711 1260 bibiturus
733 1200 816 1260 ultra
836 1199 876 1259 de
892 1198 994 1258 calice

236 1297 312 1358 vitis
347 1296 513 1357 terrestris
543 1313 604 1356 nec
635 1307 773 1358 mortem
804 1306 995 1374 gustaturus

237 1397 269 1456 in
306 1404 494 1469 aeternum,
534 1393 686 1470 quoniam
723 1397 804 1456 hora
839 1412 994 1473 persecu-

203 1493 335 1555 lotionis
357 1491 501 1567 transiit,
522 1509 587 1552 nox
608 1493 830 1570 temptationis
852 1493 943 1570 abiit,
965 1503 996 1554 et

236 1600 380 1668 potestas
415 1589 622 1651 tenebrarum
652 1592 690 1651 ad
719 1591 858 1652 nihilum
889 1592 995 1652 rediit.

238 1690 303 1749 lam
336 1689 487 1765 princeps
518 1689 631 1749 mundi
661 1688 761 1749 huius
790 1689 917 1750 eiectus
947 1700 997 1750 est

238 1787 340 1861 toras,
369 1786 453 1847 iacet
481 1787 541 1847 sub
570 1787 708 1864 pedibus
736 1788 815 1864 tuis,
845 1788 996 1849 devictus

237 1893 287 1945 est
317 1900 390 1943 cum
425 1901 485 1943 suo
516 1895 671 1963 tyranno,
707 1893 739 1946 et
773 1895 806 1946 tu
843 1887 996 1947 exultans

203 2000 227 2040 ιε
237 1982 420 2042 sublimiter
435 1993 608 2043 coronatus
624 1983 656 2043 in
673 1986 773 2044 caelo.
803 1984 869 2044 lam
887 1984 995 2061 fulges

236 2080 270 2140 in
285 2082 385 2141 choro
402 2080 590 2157 apostolico,
613 2090 647 2141 ut
665 2081 757 2142 sidus
772 2081 994 2142 clarissimum

236 2187 268 2237 et
294 2177 380 2239 inter
405 2177 533 2255 agmina
554 2177 722 2237 beatorum
744 2187 926 2255 martyrum
949 2180 994 2238 lo-

236 2293 310 2335 cum
333 2275 461 2337 obtines
477 2276 715 2353 dignissimum.
748 2277 813 2336 lam
829 2276 870 2336 de
885 2277 994 2337 multi·

236 2373 312 2451 plici
339 2374 484 2434 laborum
511 2385 641 2435 tuorum
669 2374 776 2435 fructu
802 2373 937 2433 laetaris
964 2384 996 2433 et

200 2473 277 2532 zode
299 2472 431 2549 copiosa
453 2470 597 2532 fidelium
620 2481 742 2547 turma,
763 2488 860 2548 quam
883 2479 994 2531 tecum

237 2587 276 2630 ex
296 2586 353 2629 ore
373 2569 492 2631 inferni
515 2570 638 2631 traxisti
661 2570 700 2630 ad
722 2569 859 2644 caelum,
881 2579 918 2628 ut
939 2586 994 2645 po·

236 2678 309 2728 tens
325 2667 420 2728 miles
434 2678 564 2744 peracta
577 2667 726 2745 gloriaris
741 2666 887 2727 victoria.
916 2666 994 2726 Lae·

237 2775 323 2826 tetur
348 2775 380 2827 et
406 2765 605 2842 congaudeat
633 2764 754 2841 gloriae
781 2772 855 2824 tuae
883 2775 995 2825 sancta

237 2871 340 2923 mater
368 2863 508 2924 ecclesia
538 2874 570 2923 et
600 2880 658 2939 pro
688 2871 815 2922 tuarum
847 2863 994 2939 magnifi-

200 2961 343 3021 25centia
373 2961 528 3021 virtutum
560 2960 738 3020 sollemnes
770 2960 841 3020 Deo
873 2962 995 3022 relerat

235 3066 342 3133 grates
364 3075 400 3116 ac
423 3057 545 3118 laudes,
576 3057 769 3119 Gratuletur
789 3058 924 3135 speciali
941 3059 994 3119 de·

236 3156 367 3215 votione
393 3155 503 3216 inclita
528 3173 609 3232 gens
632 3156 785 3216 lndorum
813 3155 896 3215 sacri
926 3173 994 3215 cor-

237 3253 325 3328 poris
348 3253 393 3312 tui
417 3253 524 3313 dotata
549 3253 697 3329 reliquiis
723 3252 936 3328 venerandis,
963 3262 994 3312 et

236 3359 352 3409 cuncta
377 3367 437 3427 per
462 3350 573 3410 orbem
602 3349 710 3410 contio
739 3349 992 3410 christianorum

200 3446 301 3509 aotuis
322 3447 473 3523 gloriosis
496 3447 660 3508 muniatur
683 3445 859 3523 suffragiis
901 3446 994 3521 Vale,

237 3543 377 3617 gloriose
406 3562 442 3604 ac
472 3561 603 3620 semper
631 3543 821 3603 honorande
847 3545 994 3619 apostole

596 3649 636 3689 aoo
