2122 4196
65 469 101 519 1ςῖ
131 470 296 514 MEDITATIO
314 472 352 513 DE
369 471 599 514 INCARNATIONE
615 471 739 514 CHRISTI
771 474 812 525 ω

65 602 160 664 mittis
181 622 312 665 servum
335 615 426 665 tuum
450 605 606 665 Domine:
629 605 810 665 secundum

65 702 192 761 verbum
214 712 306 762 tuum
329 703 362 761 in
384 720 473 778 pace.
503 702 578 779 Quo
594 702 722 778 expleto
738 719 811 762 can-

65 798 138 857 tico:
162 800 209 859 'ait
237 801 333 860 etiam
363 800 403 859 ad
424 799 645 859 venerabilem
675 810 810 861 matrem

65 907 155 957 tuam.
197 898 281 957 Ecce
311 897 437 974 positus
467 906 517 957 est
546 897 599 956 hic
628 897 661 956 in
684 898 810 957 ruinam

66 1005 93 1054 et
113 995 144 1054 in
160 995 434 1056 resurrectionem
453 996 628 1056 multorum
645 996 678 1055 in
695 997 834 1057 lsrael:5

67 1093 144 1152 etin
166 1093 295 1170 signum
318 1095 369 1153 cui
393 1093 640 1154 contradicetur.
671 1094 710 1154 Et
723 1105 811 1155 tuam

66 1190 161 1265 ipsius
192 1193 332 1252 animam
365 1192 574 1268 pertransibit
604 1191 746 1268 gladius:
778 1204 812 1252 ut

66 1290 295 1350 revelenturex
306 1290 417 1350 multis
428 1290 812 1366 cordibuscogitationes.

67 1385 92 1446 Ο
113 1387 223 1449 devota
248 1399 280 1448 et
302 1389 430 1448 sincera
452 1388 551 1464 fides,
575 1388 674 1448 huius
695 1388 813 1448 beatis·

67 1485 133 1544 simi
154 1487 254 1546 senis
286 1487 359 1563 Ipse
382 1503 523 1563 namque
545 1496 577 1547 te
598 1486 743 1546 adoravit
764 1486 847 1547 in·1o

68 1581 196 1643 iantem:
218 1601 316 1660 quern
341 1584 467 1644 scribae
491 1594 522 1645 et
545 1584 712 1643 Pharisaei
737 1601 812 1643 con·

18 1733 19 1738 ,
67 1689 257 1756 tempserunt
279 1681 436 1740 miracula
459 1680 641 1741 facientem.
686 1681 759 1756 lpse
781 1690 813 1741 te

18 1827 19 1864 p
67 1795 172 1839 verum
188 1781 295 1840 Deum
319 1778 492 1838 confitetur
507 1788 538 1839 et
560 1779 743 1838 hominem:
766 1777 812 1836 ilii

67 1875 263 1936 seductorem
280 1886 398 1937 vocant
413 1887 445 1938 et
463 1877 670 1937 daemonium
693 1876 813 1935 haben-

67 1984 134 2034 tem.
164 1975 340 2052 Propterea
362 1976 424 2035 iste
439 1974 650 2035 veneratione
671 1983 703 2034 et
718 1973 812 2032 laude
824 1996 848 2037 15

18 2135 19 2154 ἦ
67 2071 174 2148 dignus
196 2074 350 2134 habetur:
373 2083 406 2132 et
426 2073 472 2132 illi
488 2081 651 2148 tamquam
669 2070 724 2129 filii
741 2087 812 2146 per-

18 2177 20 2212 f
67 2169 189 2230 ditionis
212 2171 329 2230 merito
353 2171 545 2231 refutantur.

101 2266 248 2329 Testatur
276 2277 308 2328 et
329 2268 526 2328 venerabilis
548 2268 707 2327 Iohannes
729 2267 910 2341 Bapuonaa-

68 2365 154 2425 tisto:
190 2365 245 2443 qui
285 2366 324 2424 ad
356 2365 593 2441 perhibendum
631 2363 688 2424 tibi
725 2361 813 2423 testi·
838 2353 894 2438 ἔξξ.

68 2463 221 2535 monium,
251 2461 407 2522 divinitus
429 2462 572 2523 directus
595 2460 699 2521 estin
722 2477 814 2519 mun·
826 2461 904 2494 usn.

68 2559 144 2620 dum.
174 2561 212 2620 Et
228 2560 386 2621 clamabat
403 2560 526 2620 dicens.
551 2560 628 2618 Post
650 2575 702 2617 me
725 2559 814 2618 venit

67 2655 111 2716 vir
136 2659 189 2734 qui
221 2667 296 2718 ante
325 2674 377 2717 me
407 2657 511 2717 factus
536 2666 602 2716 est:
631 2657 726 2715 cuius
748 2673 812 2715 non

67 2769 131 2814 sum
146 2755 264 2831 dignus
278 2754 407 2814 solvere
423 2754 594 2830 corrigiam
611 2745 812 2813 caicia‘menti

67 2851 139 2912 eius.
187 2852 314 2913 Videns
345 2863 452 2911 autern
485 2862 516 2911 te
547 2851 632 2912 inter
662 2851 813 2910 homines

67 2960 325 3011 conversantem:
354 2949 411 3010 sed
435 2950 473 3009 ab
496 2949 583 3008 omni
607 2960 849 3025 peccatorumzs

67 3049 130 3108 labe
152 3048 374 3123 innocentem,
395 3049 448 3109 ait.
492 3049 576 3108 Ecce
598 3047 712 3124 Agnus
736 3047 814 3107 Dei:

68 3146 213 3222 eccequi
242 3145 325 3206 tollit
347 3155 479 3221 peccata
501 3145 623 3205 mundi.
666 3146 723 3205 Ille
746 3156 815 3207 erat

68 3243 191 3303 lucerna
206 3243 326 3303 ardens
341 3254 373 3305 et
389 3245 520 3303 lucens:
543 3244 601 3303 sed
616 3252 650 3303 tu
667 3244 722 3303 lux
737 3259 814 3303 vera

69 3357 142 3416 quae
164 3340 325 3401 illuminat
343 3358 473 3402 omnem
497 3342 663 3402 hominem
680 3342 813 3401 venien·

68 3448 125 3498 tern
147 3438 179 3497 in
202 3439 290 3498 hunc
312 3438 479 3498 mundum.
517 3440 575 3498 llie
597 3456 732 3515 praeco:
755 3438 812 3498 sed
821 3464 849 3503 so
909 3483 911 3489 -

70 3547 97 3596 tu
118 3536 222 3596 iudex.
253 3536 310 3596 Ille
332 3536 466 3595 humilis
488 3553 621 3596 servus:
643 3547 675 3596 et
697 3545 731 3596 tu
747 3552 814 3594 om-

93 3643 200 3684 Thomoec
210 3641 237 3683 K.
247 3639 330 3693 Opera.
343 3642 383 3684 111.
424 3643 450 3682 33
693 3641 707 3680 3
