2122 4196
74 1311 126 1370 DE
149 1309 381 1373 DESIDERIO
408 1308 743 1372 PROPHETARVM
768 1309 819 1370 ET

94 1407 262 1471 DEVOTA
287 1406 658 1469 PRAEPARATIONE
682 1405 801 1468 ERGA

210 1505 459 1567 nquNTvm
484 1504 672 1567 CHRISTI.

304 1699 423 1748 SERMO
442 1698 580 1747 PRIMVS.

246 1843 306 1905 Cce
335 1843 442 1904 veniet
470 1843 668 1902 desideratus
698 1842 843 1907 cunctiss

263 1942 419 2017 gentibus.
451 1941 617 2002 Attendite
640 1951 671 2001 et
693 1943 820 2002 auscul-

160 2037 217 2124 ῃ
266 2049 330 2100 tate
354 2055 470 2099 omnes
492 2038 606 2103 fideles
635 2049 667 2099 et
694 2039 819 2100 devoti:

266 2137 344 2214 quid
360 2137 400 2196 de
410 2135 544 2198 Christo
561 2137 734 2212 loquantur
749 2153 821 2212 pro·

72 2238 235 2312 phetarum
259 2235 342 2296 libri.
386 2236 489 2295 Decet
512 2250 654 2310 namque
678 2233 820 2294 nuncin

71 2344 131 2394 tarn
165 2352 259 2396 sacro
295 2342 442 2409 tempore
477 2333 638 2393 adventus
672 2331 858 2393 Domini:1o

72 2433 242 2508 specialem
279 2432 399 2492 habere
437 2430 628 2491 memoriam
670 2431 710 2490 de
750 2447 822 2506 pro-

72 2531 185 2605 phetiis
202 2529 435 2590 incarnationis
452 2530 525 2589 lesu
538 2528 674 2590 Christi.
698 2526 822 2588 Idcirco

73 2629 186 2688 etenim
210 2627 306 2687 nobis
328 2627 445 2687 cotidie
475 2636 661 2686 sanctorum
684 2626 822 2701 prophe-

72 2735 169 2786 tarum
207 2724 328 2800 scripta
361 2725 401 2784 de
433 2724 569 2786 Christo
601 2725 705 2800 palam
742 2723 822 2784 reci-

74 2832 190 2883 tantur:
213 2832 375 2899 quatenus
396 2822 504 2882 audita
522 2838 603 2882 voce
626 2823 822 2898 praeceden-
835 2836 859 2876 1⁵

73 2919 146 2981 tium
169 2929 314 2997 patrum,
343 2921 446 2997 magis
467 2927 503 2980 ac
529 2921 631 2998 magis
656 2921 689 2981 in
711 2937 823 2981 amore

76 3019 157 3078 verbi
170 3017 339 3092 incamati‚
350 3026 437 3077 totus
448 3017 585 3078 affectus
600 3018 708 3078 cordis
719 3017 822 3078 nostri

75 3116 273 3176 accendatur.
302 3113 331 3176 Ο
352 3125 472 3191 quanto
489 3115 652 3175 desiderio
675 3116 752 3175 olim
775 3133 823 3174 ar·

77 3210 187 3273 debant
216 3212 320 3272 sancti
343 3213 544 3288 patriarchae
574 3224 606 3275 et
629 3215 823 3291 prophetae:

77 3308 111 3370 de
131 3311 200 3372 sola
223 3309 330 3370 futura
359 3310 586 3386 promissione.
630 3311 860 3372 Pudendumao

78 3408 163 3468 nobis
179 3407 274 3467 valde
289 3417 349 3483 est,
366 3408 394 3468 si
410 3408 528 3469 minori
544 3426 632 3468 nunc
649 3408 823 3485 flagremus

78 3503 231 3567 desiderio
254 3505 294 3565 ad
316 3505 491 3566 exhibitam
514 3506 640 3568 Christi
670 3506 703 3565 in
726 3522 823 3566 carne

432 3611 456 3652 ar
