2122 4196
231 432 272 484 &S
305 431 474 475 MEDITATIO
490 432 529 475 DE
545 432 776 476 INCARNATIONE
792 433 917 477 CHRISTI
961 435 1010 486 ἶς’.)

233 566 419 626 omnimoda
447 567 550 644 culpa.
586 567 718 644 Apertis
745 585 821 644 ergo
850 569 1006 644 prophe·

233 663 287 724 tiis
309 664 476 740 simplices
499 665 610 725 erudis
632 666 671 725 ad
696 665 809 725 lidem:
839 665 1004 724 obscuris

233 778 311 822 vero
334 761 429 823 dictis
452 763 639 823 subtiliores
662 764 701 823 ad
718 763 781 824 alta
803 763 1004 840 quaerenda

233 860 388 938 mysteria
423 862 608 937 suspendis
665 860 786 938 Aperta
819 860 1003 936 prophetia

209 969 298 1020 Sest:
319 959 471 1020 foderunt
486 977 602 1019 manus
617 977 707 1020 meas
723 969 754 1020 et
769 959 871 1035 pedes
886 975 1001 1032 τηεσε,

233 1057 522 1118 dinumeraverunt
551 1058 660 1117 omnia
688 1074 762 1117 ossa
792 1074 875 1118 mea.
925 1055 999 1118 Oc-

233 1155 319 1215 culta
340 1164 406 1215 est:
429 1172 488 1231 ego
511 1172 584 1214 sum
600 1155 722 1215 vermis
745 1165 776 1216 et
790 1172 857 1215 non
880 1156 998 1215 homo.

232 1250 354 1327 Aperta
375 1251 546 1329 prophetia
567 1262 633 1313 est:
655 1252 811 1313 videbunt
833 1252 867 1313 in
890 1269 996 1329 quem

232 1349 474 1411 transfixerunt.
497 1349 634 1411 Occulta
649 1360 717 1411 est:
733 1369 833 1429 super
847 1352 995 1429 lapidem

198 1460 333 1508 lounum
370 1458 495 1525 septem
536 1448 621 1508 oculi
658 1458 743 1509 sunt.
799 1448 995 1509 Secundum

233 1546 320 1605 hunc
347 1546 479 1605 modum
509 1555 540 1605 et
568 1546 631 1605 alia
654 1546 755 1606 multa
776 1547 997 1607 inveniuntur

233 1643 418 1705 testimonia
429 1643 469 1703 de
484 1653 516 1704 te
527 1643 700 1704 verissime
710 1644 889 1720 praedicta:
907 1661 995 1721 quae

234 1741 403 1802 destruere
418 1758 484 1801 non
502 1742 619 1818 poterit
635 1742 828 1803 Iudaeorum
853 1743 992 1803 fallacia.

234 1840 299 1917 Ipsi
331 1841 418 1901 enim
450 1841 650 1900 conabantur
681 1841 798 1900 falsum
831 1841 991 1901 inducere

200 1953 223 1994 ιε
233 1949 346 2000 contra
366 1949 398 1999 te
420 1937 659 1998 testimonium:
682 1948 715 1999 et
736 1956 801 1999 non
824 1948 893 1999 erat
913 1957 991 1999 con-

233 2037 371 2097 veniens
400 2036 623 2097 testimonium
656 2053 778 2096 eorum.
830 2038 899 2098 Vae
931 2038 988 2099 tibi

233 2134 370 2211 perfide:
403 2134 457 2211 qui
490 2133 583 2210 eligis
615 2135 722 2210 potius
752 2134 859 2209 perire
891 2152 988 2212 quam

233 2233 377 2293 credere.
431 2231 507 2290 Esto
539 2231 749 2292 consentiens
780 2233 990 2292 sermonibus

233 2330 395 2391 veritatis:
417 2346 458 2389 ne
481 2329 537 2390 tibi
559 2329 683 2390 dicatur
704 2330 791 2406 quod
812 2329 990 2390 Saducaeis

197 2428 405 2489 20carnaliter
420 2427 453 2486 in
469 2427 540 2504 lege
555 2437 586 2488 et
597 2428 764 2503 prophetis
775 2428 990 2505 caligantibus

233 2527 354 2586 dictum
371 2536 430 2585 est.
456 2524 577 2584 Erratis
593 2523 780 2585 nescientes
796 2526 990 2602 scripturas:

233 2641 340 2700 neque
363 2623 515 2683 virtutem
539 2623 610 2682 Dei.
654 2621 772 2682 Omnis
802 2625 890 2684 enim
918 2642 991 2701 pro-

233 2722 344 2797 phetia
365 2721 404 2780 ad
421 2719 591 2781 Christum
614 2720 731 2780 tendit:
755 2732 786 2780 et
803 2721 836 2781 in
853 2722 990 2782 Christo

234 2818 550 2879 consummationem
573 2817 700 2894 accipit.

196 2931 223 2971 25
274 2919 507 2978 Verumtamen
525 2916 664 2975 Domine
681 2917 755 2976 Iesu
778 2934 844 2977 non
864 2928 988 2979 tantum

234 3017 427 3076 Iudaeorum
464 3014 601 3074 salutem
638 3031 795 3090 praesens
826 3015 859 3075 in
892 3033 990 3076 carne

233 3113 397 3192 cogitasti3
426 3113 484 3173 sed
512 3122 543 3173 et
565 3113 710 3172 omnium
734 3113 788 3188 qui
811 3112 844 3173 in
867 3123 899 3174 te
922 3131 989 3174 cre-

233 3211 329 3273 dituri
342 3220 443 3285 erant,
459 3227 517 3285 per
530 3227 654 3269 sacram
666 3210 886 3285 apostolorum
899 3229 989 3287 prae-

233 3308 442 3369 dicationem:
465 3324 549 3383 quos
566 3307 751 3383 specialiter
766 3307 806 3366 ad
828 3308 988 3386 hocopus
1057 3371 1058 3374 ,

133 3457 135 3462 .
196 3406 370 3484 eoelegisti.
413 3405 479 3482 Qui
507 3405 583 3464 licet
604 3404 744 3480 primum
768 3404 936 3480 simplices
958 3419 989 3467 et

234 3505 305 3566 sine
328 3504 444 3566 litteris
467 3503 618 3562 homines
642 3501 762 3561 luerint
770 3520 778 3576 3
803 3511 857 3562 tua
879 3511 988 3564 tamen

597 3607 625 3648 ao
