2118 4186
90 403 422 456 &Qffiffifflffiffl
474 406 487 446 8
538 405 858 456 fflffifflfflffl

93 554 244 613 cumque
255 537 346 613 virgo
362 547 474 597 ornata
490 538 609 597 virtute
625 537 768 611 caelesti,
783 537 859 612 quia

93 645 134 695 tu
146 652 182 694 es
194 643 268 710 post
279 635 411 695 unicum
424 634 525 694 lilium
537 646 628 695 tuum
641 636 749 694 iesum
762 634 858 696 Chri-

93 742 188 792 stum
205 732 309 808 prima
319 733 404 792 inter
414 750 530 793 omnes
541 744 672 794 sanctos
688 743 858 793 etsanctas

94 830 373 906 nobilissimaque
386 842 543 906 creatura,
554 848 650 908 quam
663 832 753 891 Deus
762 831 859 909 Pater

94 928 279 1005 praescivit
294 938 368 989 ante
384 929 515 988 saecula
530 938 562 989 et
575 929 697 989 creavit
712 928 744 988 in
756 928 881 1004 pleni-5

94 1027 216 1087 tudine
245 1026 419 1102 temporis,
449 1038 483 1086 ut
505 1043 598 1086 esses
621 1026 778 1102 unigeniti
802 1025 857 1085 lilii

94 1124 174 1184 eius
205 1134 309 1184 mater
337 1125 465 1184 intacta.
508 1124 616 1202 Quem
646 1124 776 1200 quidem
805 1141 858 1200 pe·

97 1223 217 1299 peristi
241 1239 314 1282 cum
337 1221 494 1282 ineffabili
509 1222 626 1298 gaudio
645 1232 676 1282 et
698 1223 858 1298 stupendo

96 1329 304 1397 aeternoque
324 1320 481 1380 miraculo
504 1320 536 1379 in
552 1320 689 1380 salutem
713 1320 858 1379 omnium

99 1417 319 1477 credentium.
359 1415 405 1476 Te
428 1417 534 1493 igitur,
556 1435 574 1476 o
589 1417 778 1477 beatissima
792 1435 859 1478 om·
871 1433 895 1474 ιο

97 1515 261 1590 niumque
292 1515 455 1591 virginum
487 1515 598 1591 regina
631 1516 860 1592 pulcherrima,

98 1612 204 1673 totius
226 1613 289 1671 iam
312 1613 401 1672 orbis
423 1613 593 1673 mediatrix
615 1612 748 1688 effecta,
770 1623 818 1688 te,
840 1632 859 1673 ο

98 1719 261 1786 perpetua
282 1711 372 1787 virgo
389 1711 503 1787 Maria,
525 1729 598 1771 cum
622 1712 859 1772 iucundissimo

101 1807 214 1867 cordis
238 1808 338 1868 iubilo
354 1808 539 1886 affectuque
554 1809 730 1885 purissimo
753 1810 861 1869 laudet

101 1917 135 1966 et
157 1905 317 1983 glorificet
339 1924 533 1984 summeque
555 1917 731 1967 veneretur
759 1916 790 1967 et
812 1907 895 1966 inis

100 2004 182 2064 time
205 2003 315 2081 diligat
338 2022 436 2065 omne
463 2023 567 2082 genus
589 2007 778 2065 humanum.
821 2004 859 2064 Et

101 2101 212 2162 omnis
228 2113 375 2163 creatura
390 2103 470 2162 caeli
487 2111 519 2162 et
533 2111 649 2177 terrae,
671 2119 767 2178 quam
784 2118 859 2160 con-

101 2198 185 2259 didit
201 2199 292 2258 Deus
314 2199 347 2258 in
363 2199 492 2260 laudem
509 2208 541 2259 et
555 2199 689 2275 gloriam
705 2199 756 2258 sui
772 2198 859 2258 altis·

101 2297 178 2357 simi
196 2296 349 2371 nominis,
364 2297 420 2356 tibi
437 2306 591 2372 personet
600 2296 773 2372 gratiarum
791 2295 859 2354 dul·

101 2395 235 2455 cisonas
257 2395 425 2455 melodias
467 2394 584 2455 Amen.
868 2412 895 2453 20

445 2596 516 2646 V111.

117 2724 230 2785 Oratio
250 2725 295 2784 ad
317 2725 442 2784 beatam
464 2724 616 2798 virginem
638 2725 788 2799 Mariam,
812 2731 847 2784 ut

248 2822 419 2881 subveniat
438 2822 471 2881 in
494 2822 572 2881 hora
596 2822 714 2880 mortis.

103 2926 130 2966 aa

102 2925 224 3142 Q
246 2982 480 3043 Amantissima
503 2982 563 3042 Dei
585 2983 743 3058 genetrix,
768 2977 858 3059 virgo

107 3101 133 3142 u
246 3097 377 3156 semper
388 3080 502 3154 Maria,
517 3097 600 3156 quae
613 3080 858 3156 superabundas
868 3100 895 3140 25

104 3178 277 3239 dulcedine
300 3177 449 3250 mirabili,
471 3193 567 3253 quam
584 3194 700 3254 capere
721 3187 752 3238 et
768 3195 859 3238 enar-

103 3293 177 3335 rare
199 3292 265 3335 non
287 3276 372 3335 valet
394 3292 488 3335 mens
509 3276 660 3335 humana.
704 3275 788 3335 Ecce
810 3293 859 3335 as-

104 3390 178 3433 sum
190 3389 249 3448 ego
261 3389 378 3432 servus
388 3380 464 3431 tuus
475 3388 549 3431 cum
561 3372 675 3432 intima
687 3371 859 3432 allectione

105 3470 214 3531 cordis
236 3470 300 3529 mei
323 3469 491 3529 humiliter
514 3487 567 3529 me
596 3469 757 3530 inclinans
785 3480 860 3530 ante

461 3573 501 3614 aar
