2122 4196
215 447 255 499 m
289 445 457 489 MEDITATIO
474 446 512 488 DE
528 443 759 488 lNCARNATIONE
774 443 900 487 CHRISTI
933 444 977 496 [ᾦ

216 591 282 641 est:
297 591 329 642 et
344 581 377 640 in
393 580 528 642 Christo
545 579 685 640 fundata.
717 579 806 638 Haec
822 588 872 639 est
888 596 976 656 quae

215 679 394 740 laetissime
423 689 454 738 et
482 677 659 754 glorianter
680 693 737 753 pro
759 676 893 736 nomine
916 685 975 736 tuo

214 777 280 837 ibat
308 776 347 836 ad
378 791 554 835 carcerem.
598 774 688 833 Haec
718 783 791 850 post
812 783 972 834 torturam

214 885 247 934 et
288 872 506 934 abscisionem
543 871 791 931 mammillarum
827 887 974 947 suarum,

192 971 340 1031 snullum
357 970 486 1030 carnale
501 969 703 1029 medicamen
720 969 896 1045 quaesivit3
912 971 973 1030 sed

214 1069 319 1129 habeo
334 1068 512 1129 Dominum
530 1085 639 1128 meum
657 1069 764 1128 lesum
781 1067 973 1129 Christum:

215 1166 270 1242 qui
293 1167 364 1226 solo
387 1182 541 1226 sermone
564 1175 723 1226 restaurat
745 1165 909 1226 universa.

115 1291 204 1325 -rvcn-
254 1264 354 1324 Lucia
366 1265 457 1340 virgo
473 1264 599 1338 devota,
614 1263 792 1323 iucundum
807 1262 864 1322 tibi
881 1263 972 1322 habi-

213 1362 355 1422 taculum
387 1363 420 1421 in
452 1379 511 1421 sua
542 1361 725 1438 virginitate
757 1377 971 1437 praeparans:

179 1475 362 1535 romagnam
385 1459 460 1519 lidei
483 1476 562 1519 suae
584 1458 725 1519 ostendit
747 1458 900 1518 virtutem
923 1458 972 1518 di·

213 1572 301 1616 cens,
332 1557 398 1633 Ego
420 1574 479 1633 per
500 1568 566 1617 tres
582 1574 685 1617 annos
700 1555 880 1616 sacrificavi
898 1558 971 1616 Deo

212 1654 306 1730 vivo;
328 1654 391 1714 iam
414 1654 491 1731 quia
508 1655 588 1714 nihil
607 1664 773 1731 superest:
795 1655 969 1730 meipsam

212 1750 347 1811 offeram
377 1752 410 1812 in
440 1752 636 1812 sacrificium
661 1754 731 1813 Deo
755 1752 895 1812 hostiam
921 1752 969 1811 vi-

212 1859 352 1909 ventem.
406 1849 444 1909 Et
475 1867 548 1913 cum
583 1849 734 1910 incendio
770 1851 969 1910 traderetur:

178 1969 203 2010 ιε
213 1946 333 2006 orando
349 1945 415 2005 vim
431 1918 515 2023 ignis
531 1948 688 2024 repressit
698 1947 820 2007 dicens.
846 1948 968 2024 Rogavi

212 2043 388 2104 Dominum
426 2060 535 2104 meum
568 2045 676 2104 lesum
709 2043 897 2105 Christum:
933 2056 969 2105 ut

211 2142 296 2220 ignis
319 2142 381 2202 iste
403 2158 468 2201 non
491 2141 676 2202 dominetur
698 2142 730 2201 in
753 2159 814 2202 me.

109 2268 199 2302 nonas.
250 2240 355 2316 Agnes
376 2240 466 2316 virgo
495 2239 701 2315 beatissima,
729 2250 783 2300 tua
814 2240 969 2316 specialis

211 2349 243 2399 et
264 2339 382 2398 dilecta
402 2355 541 2415 sponsa3
570 2348 633 2397 tam
657 2337 793 2397 evidens
815 2337 872 2396 tibi
896 2355 968 2414 per·

174 2436 300 2496 cohibet
315 2435 556 2497 testimonium:
578 2445 612 2494 ut
632 2451 698 2494 non
714 2436 892 2494 humanum
909 2437 968 2496 sed

211 2534 357 2594 divinum
380 2533 529 2593 videatur
554 2531 657 2591 luisse
679 2533 846 2592 oraculum
870 2549 968 2593 omne

210 2631 297 2707 quod
320 2631 408 2691 dixit.
438 2631 595 2691 Naturam
619 2639 650 2689 et
665 2638 802 2690 aetatem
819 2641 968 2707 superat:

210 2728 296 2803 quod
318 2729 399 2788 haec
422 2727 542 2787 nobilis
565 2727 765 2803 virguncula,
787 2727 827 2786 de
850 2726 914 2787 lide
936 2738 968 2788 et
1057 2731 1058 2742 ¹

210 2825 366 2899 castitate,
382 2825 421 2884 de
436 2841 547 2884 amore
559 2833 591 2884 et
600 2824 843 2900 pulchritudine
853 2826 966 2900 sponsi

173 2922 261 2983 assui
285 2909 480 2997 proferebat.
509 2921 593 2982 Amo
609 2922 714 2998 inquit
729 2922 912 2998 Christum,
934 2923 966 2983 in

210 3021 304 3081 cuius
335 3023 513 3081 thalamum
550 3020 700 3096 introivi3
735 3019 829 3079 cuius
865 3030 968 3080 mater

209 3119 300 3195 virgo
327 3129 395 3178 est:
424 3119 518 3179 cuius
548 3129 639 3194 pater
668 3118 821 3178 feminam
851 3118 965 3179 nescit.

210 3216 274 3292 Ipsi
298 3216 359 3276 soli
380 3233 477 3276 servo
500 3216 614 3291 lidem3
636 3216 697 3293 ipsi
714 3233 766 3276 me
781 3225 848 3276 tota
869 3217 965 3277 devo-

209 3314 297 3375 tione
313 3314 490 3388 committo‚
506 3313 557 3372 cui
570 3313 675 3389 angeli
692 3312 855 3373 serviunt:
872 3314 965 3374 cuius
1054 3357 1055 3362 η

172 3412 484 3488 aopulchritudinem
507 3410 556 3469 sol
579 3418 611 3469 et
633 3410 709 3469 luna
724 3409 892 3470 mirantur.
929 3411 965 3471 Et

207 3509 404 3584 gloriabatur
426 3507 511 3567 sicut
533 3507 665 3583 dignum
688 3507 822 3567 omnino
838 3519 907 3568 erat
922 3509 965 3568 di·
1049 3499 1054 3572 ἕ
