2144 4194
210 431 251 482 ([ςῖ
270 429 444 481 [SERMONES
457 431 495 473 DE
506 430 573 473 VITA
584 430 619 472 ET
631 429 778 472 passione
790 429 916 482 nomini]
934 431 981 482 ἵει)

211 581 331 625 rerum.
362 564 409 624 Tu
431 574 654 641 paupertatem
677 563 802 626 Christi
826 567 977 640 sectare3

213 671 245 722 et
266 663 451 725 modicitate
473 674 607 725 naturae
623 673 693 724 esto
715 673 904 723 contentus:
930 665 975 723 ob

212 777 357 821 amorem
373 761 445 821 eius
463 761 517 837 qui
534 778 595 821 nec
611 761 743 836 praedia
757 778 819 820 nec
835 761 976 836 reditus,

212 873 273 917 nec
296 859 394 920 cistas
409 876 470 919 nec
486 860 601 919 domos
624 860 745 919 habere
760 860 871 921 voluit.
904 861 975 920 Pro

188 959 304 1021 ⁵dolor
332 957 424 1017 multi
451 967 597 1034 tempora
626 975 701 1033 sua,
730 974 823 1017 cassa
849 957 973 1017 sollici-

211 1058 323 1118 tudine
346 1065 559 1132 consumunt3
581 1072 694 1132 parum
711 1056 763 1115 vel
779 1073 850 1115 raro
866 1055 904 1115 ad
921 1055 973 1115 in-

211 1156 331 1216 teriora
352 1171 389 1214 se
418 1163 630 1214 convertunt:
659 1163 691 1214 et
713 1153 806 1213 valde
829 1153 973 1213 insensi-

210 1254 293 1314 biles
315 1253 403 1312 intus
426 1251 516 1312 fiunt.
546 1252 641 1328 Erige
663 1268 719 1310 cor
734 1237 880 1311 sursum:
902 1250 972 1310 noli

211 1369 285 1412 cum
316 1349 432 1410 bestiis
460 1349 633 1409 inhaerere
662 1348 812 1409 terrenis.
860 1347 969 1424 Ange·

177 1461 201 1502 ιο
211 1450 316 1509 lorum
342 1464 419 1508 esca
447 1446 642 1507 nutriendus
664 1464 717 1506 es:
746 1447 881 1506 verbum
905 1446 969 1506 Dei

211 1547 392 1607 animarum
414 1556 464 1604 est
485 1544 588 1604 cibus.
619 1545 684 1605 Iste
703 1554 753 1604 est
774 1544 867 1620 panis
882 1543 970 1604 vitae

211 1661 307 1720 quem
324 1643 411 1703 dabit
426 1642 482 1702 tibi
500 1642 661 1702 Dominus
678 1642 787 1724 lesus:
808 1659 850 1701 ne
865 1641 897 1700 in
913 1642 970 1701 de·

210 1752 297 1802 serto
327 1739 469 1800 deficias.
513 1740 626 1800 Bonus
655 1749 687 1799 et
708 1739 782 1815 pius
805 1739 969 1799 Dominus

211 1839 265 1915 qui
294 1837 443 1914 promisit
472 1847 619 1898 aeterna:
648 1854 713 1896 non
736 1837 866 1912 negabit
887 1847 970 1896 tem-

176 1951 201 1991 15
211 1936 341 2012 poralia.
370 1934 419 1994 Tu
437 1952 557 2012 quaere
572 1934 740 1994 caelestia:
763 1945 794 1993 et
809 1933 880 2009 ipse
895 1935 970 1993 abs-

211 2033 394 2109 quedubio
416 2033 534 2093 adiciet
551 2032 738 2092 necessaria
759 2031 913 2107 quamdiu
931 2049 970 2092 es

211 2131 243 2190 in
266 2132 326 2190 hac
348 2131 423 2190 vita.

211 2310 267 2369 DE
277 2308 575 2370 FATIGATIONE
586 2308 682 2368 lESV
693 2307 744 2369 ET
751 2306 970 2368 SALVTARI

408 2407 504 2468 EIVS
528 2405 769 2470 DOCTRINA.

174 2521 201 2560 20
536 2519 643 2582 [xvm]

211 2563 394 2782 &gestas
418 2622 579 2698 fatigatas
608 2637 646 2679 ex
677 2620 809 2679 itinere:
838 2618 974 2678 sedebat

341 2735 438 2794 saper
450 2721 585 2795 fontem.
629 2716 894 2778 Patientissimus
920 2717 971 2776 le·

210 2835 268 2877 sus
290 2834 348 2893 pro
364 2817 458 2877 nobis
482 2816 606 2892 iagitari
630 2815 855 2892 dignatusest.
892 2815 969 2874 Non

210 2915 362 2974 vehiculo
390 2931 456 2974 non
485 2931 582 2973 curru
612 2930 677 2972 non
706 2929 791 2988 equo
814 2929 895 2972 usus
918 2924 971 2972 est

174 3013 287 3072 asdum
316 3012 494 3073 ambularet
523 3028 582 3087 per
606 3022 745 3070 terram:
773 3011 832 3070 sed
855 3011 889 3069 in
912 3027 970 3070 no·

211 3112 298 3171 mine
324 3110 455 3170 Domini
485 3111 638 3185 pedester
667 3108 813 3168 incessit.
857 3107 969 3168 Semel

210 3209 327 3285 legitur
348 3207 476 3266 asinum
498 3205 703 3280 ascendisse,
732 3215 764 3265 et
785 3221 845 3280 per
865 3205 970 3265 modi·

210 3322 284 3365 cum
313 3303 452 3381 spatium
477 3304 643 3363 asinasse:
672 3303 775 3379 magis
796 3303 836 3361 ad
859 3318 970 3362 exem·

210 3402 299 3478 plum
328 3401 520 3461 humilitatis
552 3418 648 3477 quam
680 3402 719 3460 ad
751 3417 847 3460 usum
881 3417 970 3460 com·

174 3499 390 3573 somoditatis;
420 3515 485 3557 non
512 3499 551 3557 ad
574 3498 766 3573 captandum
790 3500 970 3558 honorem:

571 3601 609 3642 ιω
