2114 4168
33 433 375 486 mmm
422 433 443 474 11
489 428 810 486 mmmm)

38 567 179 627 Mariae
208 566 240 625 in
270 576 362 627 utero
389 576 535 626 materno
558 567 718 626 exultasti.
760 565 808 626 Tu

36 681 134 738 puer
165 665 323 740 propheta
353 662 513 724 Altissimi
545 675 679 725 vocatus
710 682 746 724 es
778 674 809 723 et

39 774 143 823 muto
173 763 254 840 patri
283 765 444 840 loquelam
472 763 526 823 diu
549 761 701 822 amissam
725 760 808 820 sacri

36 861 197 920 nominis
212 861 258 921 tui
275 862 416 922 editione
433 860 610 922 reddidisti.
637 858 684 918 Tu
700 860 808 936 itaque

35 959 245 1020 mirabiliter
265 970 378 1036 natus,
400 962 457 1021 sed
481 960 582 1020 multo
605 957 750 1018 sanctius
772 973 831 1016 ess

35 1067 277 1118 conversatus.
322 1058 369 1118 Tu
392 1068 526 1135 paterna
547 1058 643 1117 domo
666 1066 698 1115 et
720 1055 807 1114 omni

35 1155 220 1230 parentela
250 1156 363 1216 relicta
391 1175 473 1233 puer
503 1160 608 1221 adhuc
639 1161 808 1238 septennis

36 1269 199 1312 eremum
236 1253 382 1314 intrasti:
418 1255 472 1314 ubi
508 1259 651 1318 humano
686 1258 808 1318 solacio

36 1351 226 1411 destitutus
266 1352 445 1426 angelicam
487 1355 584 1416 vitam
628 1373 733 1432 usque
769 1357 807 1416 ad

38 1449 136 1508 diem
161 1448 361 1509 ostensionis
382 1467 461 1510 suae
477 1451 510 1511 in
528 1453 627 1513 lsrael
643 1454 807 1514 solitarius
819 1467 844 1506 10

38 1545 199 1622 exegisti.
230 1545 277 1606 Tu
300 1565 451 1624 asperum
469 1549 531 1610 iter
544 1569 730 1628 aggressus,
751 1551 807 1611 vili

38 1654 226 1704 contentus
255 1645 327 1704 cibo
356 1655 388 1705 et
417 1647 497 1708 duro
524 1650 689 1710 accinctus
716 1651 808 1710 indu·

38 1751 161 1802 mento
191 1743 325 1802 delicias
355 1761 467 1820 regum
491 1755 522 1805 et
544 1745 680 1805 divitum
703 1747 807 1805 molli·

39 1840 128 1899 tiem
146 1848 279 1900 strenue
295 1841 475 1901 declinasti.
497 1841 545 1902 Tu
557 1843 678 1919 Spiritu
695 1855 806 1904 sancto

41 1936 233 2013 inspirante
261 1938 300 1997 ad
322 1940 556 2001 ostendendam
579 1942 698 2016 populo
721 1943 806 2002 viam
819 1957 843 1996 15

42 2045 229 2111 perpetuae
265 2036 396 2111 salutis,
432 2038 471 2098 ad
506 2039 661 2114 agendam
698 2040 807 2116 paeni-

41 2134 186 2193 tentiam
210 2145 241 2194 et
264 2152 398 2212 regnum
422 2137 585 2196 caelorum
604 2153 807 2212 consequen-

43 2233 127 2291 dum
146 2232 246 2293 multa
261 2233 485 2294 exhortatione
496 2234 725 2311 evangelizans
736 2251 806 2293 ver-

42 2330 128 2390 bum
146 2330 207 2390 Dei
232 2331 358 2392 fortiter
378 2332 581 2408 praedicasti.
613 2330 660 2391 Tu
676 2329 805 2407 Agnum

46 2427 113 2487 Dei
138 2438 311 2488 venturum
334 2431 438 2490 turbis
457 2429 645 2507 praedixisti
661 2439 693 2488 et
708 2443 842 2505 quem2o

44 2525 152 2585 ceteri
176 2526 214 2585 ab
237 2527 329 2587 initio
351 2529 528 2604 prophetae
550 2526 669 2601 verbis,
694 2525 806 2602 signis,

45 2624 133 2698 vita,
162 2625 308 2686 moribus
337 2644 373 2686 ac
402 2626 527 2702 magnis
556 2624 729 2684 desideriis
751 2625 804 2684 diu

46 2723 186 2799 praelati
209 2735 302 2799 sunt,
330 2734 381 2799 tu,
413 2723 603 2783 fidelissime
625 2739 721 2782 serve
744 2723 805 2782 Dei

47 2839 86 2880 ac
119 2822 289 2881 sollemnis
320 2839 529 2898 praecursor,
566 2820 735 2882 Christum
772 2819 805 2878 in

47 2936 149 2978 carne
164 2919 227 2978 iam
243 2929 448 2995 praesentem
465 2918 564 2994 digito
575 2916 804 2977 demonstrasti
814 2933 841 2974 25

48 3018 174 3077 dicens.
208 3017 292 3076 Ecce
314 3015 428 3093 Agnus
451 3017 524 3093 Dei,
546 3033 623 3077 ecce
645 3014 700 3091 qui
723 3013 806 3074 tollit

48 3124 182 3190 peccata
211 3115 332 3174 mundi.
377 3115 439 3174 Hic
469 3125 519 3175 est
545 3113 650 3187 enim,
678 3112 718 3171 de
740 3127 804 3186 quo

50 3213 125 3273 dixi.
168 3210 215 3271 Tu
244 3212 430 3273 venientem
460 3213 500 3272 ad
525 3211 685 3288 baptisma
713 3218 803 3268 tuum

51 3312 180 3383 lesum,
221 3309 281 3369 Dei
319 3309 441 3384 filium,
481 3309 546 3369 tuis
587 3307 804 3370 sanctissimis

51 3408 216 3482 manibus,
245 3424 263 3466 o
286 3407 483 3466 venerabilis
506 3407 667 3483 Baptista,
694 3405 840 3465 incliteso

51 3509 229 3580 lohannes,
251 3522 395 3579 summa,
419 3515 454 3564 ut
475 3504 594 3579 decuit,
616 3522 689 3563 curn
714 3519 804 3562 reve·

79 3611 228 3654 ThomaeaK.
240 3609 323 3662 Opera.
341 3609 380 3650 ΙΙΙ.
408 3610 449 3650 369
671 3609 697 3648 24
