2128 4190
60 452 374 508 mmm
410 455 810 511 mmmm

60 603 136 662 opus
157 591 317 649 humanae
340 591 587 651 restaurationis
605 591 666 651 sibi
683 592 809 652 iniunc-

59 695 139 761 tum,
159 704 217 763 per
238 686 425 763 passionem
449 696 481 747 et
503 705 634 748 crucem
658 707 808 751 consum-

60 801 151 845 mare.

96 883 158 942 lam
181 883 214 942 in
236 885 299 943 hoc
321 885 487 960 praeclaro
510 888 660 962 exemplo
676 889 808 948 demon·

58 990 146 1040 strat:
168 982 255 1058 quod
276 982 368 1057 prius
384 983 558 1043 salubriter
573 984 682 1044 docuit
697 985 831 1045 verbos

59 1077 118 1154 Qui
140 1079 208 1138 vult
235 1080 340 1157 inquit
362 1080 474 1140 venire
496 1090 570 1156 post
596 1098 648 1141 me
670 1082 808 1159 abneget

58 1187 155 1238 semet
181 1177 305 1253 ipsum:
335 1187 366 1238 et
388 1178 478 1238 tollat
500 1195 630 1238 crucem
654 1196 745 1239 suam
776 1189 807 1240 et

57 1284 205 1349 sequatur
227 1292 289 1334 me.
331 1276 414 1335 Ecce
437 1277 538 1336 habes
560 1293 805 1352 praecessorem

57 1373 225 1448 asperioris
247 1373 319 1433 viae
336 1374 444 1433 lesum
468 1374 570 1434 filium
588 1375 666 1434 Dei:
689 1375 804 1435 ducem

57 1486 90 1528 ac
109 1480 349 1546 praeceptorem
372 1471 524 1547 gentibus
546 1480 581 1531 ut
603 1472 718 1533 liberet
740 1491 806 1534 eas.
818 1490 842 1530 ιο

13 1611 14 1614 η
58 1566 195 1644 Sequere
227 1586 304 1645 ergo
340 1586 436 1629 serve
471 1569 576 1629 fidelis
608 1571 805 1630 Dominum:

57 1682 188 1742 sequere
204 1666 363 1742 discipule
384 1667 590 1743 magistrum3
613 1668 740 1729 imitare
756 1687 806 1729 ca·

57 1773 108 1837 put
128 1764 310 1841 egregium,
340 1765 452 1841 fragile
481 1766 681 1827 membrum:
710 1779 805 1829 uteo

57 1860 132 1922 duce
153 1861 326 1937 pervenias
348 1862 388 1922 ad
407 1871 559 1922 aeternae
576 1863 740 1924 felicitatis
756 1881 805 1924 re·

56 1974 156 2033 gnum.
199 1959 232 2019 Si
262 1975 418 2034 prospera
446 1960 572 2035 appetis
594 1970 626 2020 et
648 1960 840 2021 iucunda:15

13 2127 14 2132 γ
57 2056 269 2117 reformides
291 2058 437 2117 adversa.
481 2057 627 2134 Sequere
653 2069 805 2133 peccator

13 2177 14 2180 ¹
57 2153 183 2230 iustum;
199 2157 297 2215 homo
307 2156 424 2229 Deum,
440 2156 803 2218 creaturaCreatorem:

56 2253 123 2312 exul
146 2253 406 2328 Redemptorem.
443 2251 545 2312 Abice
567 2253 718 2315 timorem
741 2267 802 2317 ter·

56 2367 172 2426 renum,
195 2350 294 2410 indue
317 2349 559 2410 fortitudinem:
582 2362 670 2412 certa
692 2364 726 2413 ut
748 2355 803 2414 bo·

56 2463 110 2507 nus
126 2448 219 2507 miles
235 2446 397 2507 vincendo
413 2459 570 2508 naturam.
595 2450 657 2509 Per
670 2468 801 2510 crucem
812 2467 838 2508 20

55 2542 111 2604 itur
131 2547 170 2606 ad
192 2548 350 2607 salutem:
372 2563 430 2622 per
452 2564 589 2622 poenam
612 2548 803 2622 pervenitur

54 2642 87 2702 ad
120 2661 282 2706 coronam.
335 2647 410 2707 Noli
447 2647 642 2707 erubescere
675 2647 800 2708 Christi

54 2737 272 2814 ignominiam:
301 2744 329 2803 si
357 2745 408 2804 vis
436 2745 561 2806 Christi
589 2746 799 2820 contemplari

54 2835 159 2899 faciem
191 2840 377 2917 gloriosam.
426 2842 488 2903 Pro
519 2852 551 2902 te
582 2853 687 2918 portat
717 2844 800 2902 hanc

53 2950 191 2996 crucem:
221 2954 279 3013 pro
306 2948 337 2999 te
360 2939 447 2999 subit
469 2949 500 3002 et
522 2939 630 2998 crucis
652 2950 837 2999 mortemar

54 3030 108 3091 Dat
122 3034 176 3094 tibi
194 3036 379 3112 exemplum
396 3035 597 3111 sustinendi;
618 3036 800 3111 complanat

53 3131 180 3202 pedibus
203 3131 272 3192 suis
295 3133 478 3209 asperitatis
501 3133 667 3193 semitam:
693 3146 800 3194 osten-

54 3225 92 3285 dit
119 3229 225 3290 crucis
256 3230 484 3307 ignominiam,
515 3248 580 3290 non
613 3231 799 3308 fugiendam

54 3326 103 3384 sed
122 3328 375 3403 amplexandam.
408 3329 536 3388 Baiulat
555 3330 689 3390 humilis
707 3330 799 3391 lesus

54 3435 173 3483 crucem
203 3442 294 3492 suam
324 3443 382 3502 pro
406 3426 531 3502 impiis,
558 3438 592 3486 ut
619 3428 835 3488 sanctificetso

55 3517 177 3597 impios;
192 3522 311 3598 patitur
326 3541 384 3599 pro
400 3523 519 3584 vilibus
535 3525 641 3585 servis
655 3527 798 3586 dolores:

405 3629 439 3671 191
