2122 4196
71 461 107 512 &NJ
141 461 307 504 ΜΕΒΙΤΑΤΙΟ
323 461 362 503 DE
378 460 608 504 lNCARNATIONE
624 461 748 504 CHRISTI
781 461 822 512 ἵε)

72 605 185 656 statum
213 596 368 656 mundani
397 595 551 655 culminis
579 596 618 655 ad
647 595 821 655 oboedien-

73 695 143 754 dum
167 694 258 769 fidei,
286 693 397 753 verbis
426 704 458 753 et
486 693 589 770 signis
618 692 714 753 etiam
737 692 822 753 inter

74 792 425 868 bellapersecutionum
434 790 821 853 mirabiliterincurvasti.

74 889 107 950 Et
122 890 225 950 lactus
240 908 277 950 es
293 890 377 951 sicut
392 907 487 950 mons
502 905 650 966 magnus,
665 887 822 965 implesti-

73 984 130 1064 que
159 989 346 1049 universam
375 997 512 1064 terram3
542 987 618 1064 quia
646 987 701 1064 qui
730 986 844 1062 priuss

73 1087 152 1160 apud
177 1087 328 1147 Iudaeam
358 1086 471 1162 paucis
493 1097 590 1146 notus
618 1102 707 1145 eras:
735 1093 823 1160 post·

74 1184 199 1243 modum
222 1195 415 1244 coruscante
437 1184 597 1261 evangelii
619 1183 736 1267 gratia,
764 1182 821 1242 toti

75 1282 188 1341 mundo
210 1293 242 1342 te
265 1282 372 1358 ipsum
396 1281 559 1342 revelasti.

109 1377 204 1439 Aliud
219 1380 443 1440 testimonium
460 1380 545 1440 idem
563 1380 679 1440 Daniel
699 1381 823 1455 profert

74 1474 189 1536 dicens.
231 1475 440 1553 Aspiciebam
470 1477 504 1536 in
535 1476 608 1536 visu
637 1477 760 1552 noctis3
791 1486 858 1538 etro

75 1590 146 1633 ecce
173 1593 246 1635 cum
276 1575 418 1635 nubibus
447 1575 539 1652 quasi
562 1574 657 1635 'filius
679 1575 822 1636 hominis

75 1672 231 1749 veniebat,
260 1684 292 1735 et
314 1691 420 1750 usque
442 1673 480 1732 ad
503 1673 672 1750 antiquum
694 1672 821 1733 dierum

75 1772 230 1844 pervenit:
253 1781 285 1831 et
305 1771 338 1831 in
354 1780 532 1847 conspectu
549 1770 620 1830 eius
636 1771 823 1831 obtulerunt

77 1884 153 1929 eum.
194 1871 233 1930 Et
262 1871 351 1931 dedit
379 1870 408 1930 ei
438 1879 631 1946 potestatem
661 1877 692 1928 et
721 1869 822 1927 hono·

79 1983 138 2026 rem
160 1978 190 2028 et
213 1985 366 2045 regnum:
389 1980 420 2029 et
442 1986 557 2029 omnes
575 1968 696 2044 populi,
718 1968 821 2029 tribus
834 1990 857 2030 15

78 2081 109 2122 ac
135 2065 261 2142 linguae
289 2066 351 2142 ipsi
374 2066 528 2126 servient.
573 2066 721 2126 Potestas
750 2065 822 2125 eius

20 2183 21 2186 ¹
79 2171 210 2234 potestas
244 2173 376 2224 aeterna
414 2181 497 2241 quae
534 2181 599 2225 non
640 2164 821 2224 auferetur:

79 2268 105 2318 et
124 2278 256 2344 regnum
280 2260 352 2321 eius
381 2262 467 2338 quod
495 2278 561 2321 non
587 2272 822 2337 corrumpetur.

79 2357 156 2435 Quid
170 2361 232 2420 hoc
249 2360 370 2420 clarius
384 2360 590 2434 testimoni03
608 2361 640 2420 in
657 2377 721 2437 quo
737 2370 822 2419 uter·

78 2475 133 2534 que
153 2460 313 2519 adventus
334 2468 421 2534 tuus,
442 2458 476 2518 in
499 2475 607 2533 carne,
629 2467 660 2519 et
680 2458 719 2517 ad
741 2456 858 2519 iudi-20

79 2556 153 2616 cium
175 2557 350 2617 manifeste
372 2556 603 2633 praedicatur?

111 2656 273 2716 Michaeas
301 2656 364 2714 tale
386 2655 439 2714 dat
467 2654 709 2714 testimonium:
736 2653 822 2730 quod
864 2683 907 2715 m-

79 2768 173 2829 neque
189 2751 317 2812 scribae
333 2763 365 2812 et
376 2752 543 2812 Pharisaei
561 2752 720 2829 requisiti,
734 2761 823 2828 pote·
833 2735 939 2769 ennens-

80 2861 141 2910 rant
169 2851 318 2912 reticere.
370 2850 453 2911 Nam
486 2851 673 2911 sciscitante
704 2850 743 2909 ab
774 2850 823 2910 eis

81 2947 199 3009 Herode
229 2966 333 3026 reges
352 2949 405 3009 ubi
432 2949 587 3011 Christus
616 2958 859 3010 nasceretur:2s

80 3044 118 3106 illi
138 3048 376 3124 responderunt
397 3047 579 3107 secundum
603 3047 703 3106 verba
724 3047 822 3107 huius

81 3146 255 3221 prophetae,
277 3145 310 3204 in
334 3145 505 3204 Bethleem
523 3143 630 3204 iudae.
662 3144 716 3204 Sic
734 3144 822 3203 enim

80 3242 116 3302 ait
135 3243 235 3303 isdem
258 3243 372 3302 beatus
394 3243 561 3317 propheta.
606 3242 643 3302 Et
667 3252 701 3301 tu
724 3242 822 3301 Beth·

81 3339 153 3400 leem
169 3341 319 3415 Ephrata,
334 3340 468 3415 parvula
483 3356 519 3398 es
535 3339 568 3399 in
583 3340 716 3399 milibus
728 3339 822 3400 luda:

81 3453 114 3497 ex
126 3447 154 3498 te
168 3437 248 3498 milri
264 3437 449 3514 egredietur
463 3437 519 3513 qui
535 3437 577 3497 sit
592 3437 775 3497 dominator
787 3437 821 3497 in
831 3462 858 3502 ao

81 3534 177 3596 lsrael.
207 3535 245 3596 Et
261 3536 406 3612 egressio
422 3536 494 3596 eius
510 3535 548 3594 ab
559 3535 662 3610 initio,
677 3534 821 3612 adiebus

431 3640 455 3682 21
