2128 4190
83 441 409 494 πωπω
445 441 845 494 [commemorabam-xo

85 593 158 635 rum
184 575 378 635 sollemnem
394 584 525 635 sanctae
541 573 700 635 ecclesiae
716 592 845 652 proces-

85 673 845 749 sionem:necnondevotionempopuliIudaeo-

85 788 159 830 rum
189 771 439 847 obsequentium
463 770 598 832 Christo
627 788 701 832 cum
728 772 844 848 gaudio

85 886 205 946 magno
228 879 260 929 et
275 870 409 930 honore.
439 870 522 930 Nam
538 870 624 947 quod
641 869 750 929 Iudaei
766 869 843 930 olim

84 967 300 1044 corporaliter
313 966 448 1027 Christo
464 967 683 1028 exhibuerunt
697 966 730 1026 in
747 984 867 1028 carnes

83 1065 227 1126 viventi:
256 1081 317 1124 nos
343 1063 532 1140 spiritaliter
557 1065 662 1125 eidem
686 1064 844 1125 debemus

83 1163 243 1222 exhibere
266 1163 328 1222 iam
351 1161 384 1221 in
407 1162 498 1221 caelo
513 1162 670 1238 regnanti.
703 1161 741 1221 Et
755 1172 843 1222 tanto

83 1259 301 1320 affectuosius
322 1260 384 1318 hoc
400 1275 496 1334 agere
512 1260 605 1320 decet
620 1277 694 1320 curn
711 1260 843 1338 hymnis

82 1367 118 1419 et
140 1357 277 1417 canticis
300 1356 442 1432 devotis3
465 1367 584 1433 quanto
605 1357 759 1418 interiora
774 1375 843 1418 cor-

82 1454 136 1514 dis
159 1455 262 1515 nostri
285 1455 442 1532 obsequia
462 1456 553 1516 Deus
575 1456 648 1532 plus
671 1456 789 1533 diligit:
812 1467 843 1517 et
854 1475 878 1515 ro

82 1553 119 1612 in
151 1569 327 1628 supernam
360 1553 537 1612 Ierusalem
571 1570 632 1613 nos
663 1555 842 1630 perducere

82 1651 184 1726 cupit.
229 1651 366 1726 Propter
391 1652 453 1710 hoc
481 1650 567 1711 enim
591 1653 732 1713 maxime
753 1653 843 1714 venit

81 1749 124 1809 ad
147 1758 267 1809 terras:
291 1759 325 1809 ut
346 1758 504 1809 terrarum
528 1749 652 1809 incolas
674 1761 843 1811 revocaret

81 1847 124 1906 ad
147 1847 267 1906 caelos.
301 1846 437 1922 Propter
458 1849 520 1907 hoc
543 1848 727 1923 properavit
742 1849 781 1908 ad
797 1849 841 1908 lo-

82 1961 160 2005 cum
190 1945 369 2021 passionis:
398 1955 433 2005 ut
459 1945 553 2005 nobis
580 1956 706 2021 pararet
728 1947 840 2007 sedem
853 1965 878 2004 15

83 2042 298 2103 felicissimae
313 2042 493 2104 mansionis
508 2043 542 2102 in
559 2043 667 2104 caelis.
696 2045 731 2103 ln
748 2044 841 2105 cuius

81 2141 216 2218 signum
239 2141 335 2201 etiam
358 2140 481 2200 asinam
505 2152 537 2201 et
558 2140 682 2216 pullum
705 2140 766 2200 sibi
789 2141 842 2201 ad-

81 2239 160 2298 duci
182 2238 364 2314 praecepit3
386 2249 417 2298 et
440 2239 587 2298 modeste
610 2238 783 2315 equitando
808 2239 841 2298 in

82 2336 265 2396 Ierusalem
294 2335 456 2396 civitatem
480 2345 667 2397 terrestrem
691 2353 748 2396 eos
771 2354 841 2413 per·

81 2432 190 2507 duxit,
216 2449 299 2509 quae
326 2433 477 2493 caelestis
499 2433 708 2494 beatitudinis
731 2433 876 2511 imagi-ao

81 2548 161 2592 nem
177 2531 336 2592 continet:
357 2540 392 2591 ut
406 2547 467 2590 nos
483 2547 654 2606 speremus
670 2550 728 2608 per
744 2531 840 2593 Chri-

81 2641 171 2692 stum
195 2632 398 2693 reducendos
421 2632 567 2692 invitam
584 2641 748 2691 aeternam
765 2647 838 2690 cum

82 2728 209 2805 angelis
231 2729 362 2790 sanctis.
393 2730 458 2807 Qui
481 2730 620 2790 animale
642 2746 761 2805 corpus
783 2745 839 2788 no·

82 2837 187 2887 strum
220 2827 388 2888 suscitabit
419 2829 459 2888 de
490 2829 625 2903 pulvere
655 2836 776 2886 terrae:
808 2835 840 2886 et

82 2925 334 2985 immortalitatis
355 2926 457 3002 gloria
478 2925 591 2985 induet
613 2925 645 2984 in
669 2924 777 2984 lutura
792 2923 874 2983 iu-25

82 3031 208 3082 storum
240 3023 490 3083 resurrectione.
541 3023 578 3084 Et
607 3023 647 3082 ad
676 3023 737 3082 hoc
767 3038 838 3097 pro·

81 3119 275 3180 merendum
292 3119 365 3196 quis
377 3119 493 3196 dignus
505 3136 580 3179 esse
590 3119 735 3196 poterit?
762 3120 839 3180 Pro-

82 3217 168 3278 iecto
197 3217 252 3294 qui
276 3233 312 3277 se
334 3217 554 3278 humiliaverit
576 3219 661 3280 sicut
683 3219 837 3296 parvulus

81 3317 114 3376 in
131 3332 269 3376 numero
285 3331 460 3391 puerorum
473 3316 713 3392 Hebraeorum3
728 3326 760 3376 et
775 3315 837 3375 fac-

80 3424 135 3472 tus
159 3411 256 3474 iuerit
278 3422 441 3491 tamquam
464 3414 553 3490 pium
577 3414 756 3475 iumentum
776 3413 874 3473 subeo

81 3510 219 3586 pedibus
252 3511 394 3572 Christi:
429 3523 574 3586 paratum
606 3528 642 3570 se
678 3510 836 3571 exhibens

439 3616 480 3658 asa
