2128 4190
70 447 386 500 ffifflfflffi
423 449 467 500 [21]
502 449 823 502 ffifflfflfflffl

70 583 173 642 anima
202 599 290 657 mea3
306 587 351 641 'et
380 599 420 642 ex
446 599 562 660 magno
585 582 823 660 compassionis

70 679 184 740 affectu
207 678 374 739 scindatur
396 681 503 740 cordis
526 681 590 740 mei
613 681 746 742 duritia:
769 680 823 740 sit-

70 795 130 853 que
151 777 250 837 hodie
272 795 346 837 cum
372 779 530 838 memoria
557 779 721 855 passionis
750 789 823 839 tuae

70 875 192 935 seriose
214 885 379 951 occupata.
424 877 458 935 ln
488 876 604 952 spiritu
631 875 824 936 humilitatis

71 981 99 1032 et
120 971 153 1032 in
171 972 279 1032 animo
296 973 434 1034 contrito
450 973 505 1033 tibi
523 973 662 1034 fideliter
677 974 847 1034 assistat:5

71 1079 99 1130 et
124 1070 157 1130 in
185 1070 273 1131 omni
301 1071 372 1131 loco
399 1071 562 1147 passionis
588 1083 697 1132 tecum
720 1071 824 1145 vadat,

70 1179 162 1244 atque
185 1168 295 1228 omnia
316 1186 399 1245 quae
421 1169 543 1244 pateris
559 1171 707 1230 dolenter
723 1179 825 1230 atten-

70 1268 135 1342 dat;
163 1276 272 1327 tecum
302 1266 398 1326 etiam
428 1266 492 1342 pati
523 1277 555 1327 et
581 1267 736 1328 commori
766 1267 823 1327 tibi

70 1364 220 1423 ardenter
245 1365 470 1440 concupiscat:
497 1383 640 1441 pensans
662 1365 739 1442 quid
763 1366 825 1426 Da-

70 1462 121 1522 vid
147 1463 188 1522 de
215 1461 281 1522 filio
308 1479 368 1523 suo
391 1462 535 1523 Absalon
561 1463 696 1524 dicebat.
740 1463 826 1541 Quis
837 1482 861 1522 ro

71 1559 172 1635 inquit
195 1559 274 1619 mihi
298 1561 352 1621 det
373 1570 409 1620 ut
430 1578 490 1638 ego
512 1561 633 1621 moriar
654 1578 712 1637 pro
732 1570 764 1620 te
780 1561 824 1621 lili

71 1657 112 1716 mi
128 1656 283 1732 Absalom
305 1656 449 1717 Absalon
473 1657 517 1717 iili
539 1658 609 1718 mi?
642 1659 826 1719 Praevaluit

72 1754 102 1814 in
119 1755 222 1815 David
238 1754 312 1831 pius
332 1755 469 1816 allectus
491 1772 591 1831 super
613 1756 745 1817 interitu
769 1757 825 1816 lilii

73 1852 120 1912 sui
142 1870 178 1913 se
201 1853 447 1928 persequentis:
471 1853 571 1913 itaut
593 1854 665 1914 eius
687 1863 824 1914 mortem

73 1951 284 2010 vehementer
305 1951 440 2027 lugeret,
463 1960 495 2010 et
517 1967 574 2026 pro
597 1951 652 2012 illo
673 1952 754 2012 mori
771 1969 826 2028 op·
838 1972 862 2012 15

74 2057 160 2123 taret,
181 2048 237 2124 qui
260 2065 352 2108 suam
376 2049 552 2108 conabatur
567 2048 665 2109 vitam
682 2049 826 2126 aulerre3

73 2156 188 2220 quanto
211 2146 314 2223 magis
337 2146 370 2206 in
388 2164 441 2206 me
456 2147 645 2223 praevalere
661 2149 756 2208 debet
772 2150 826 2208 do·

73 2243 119 2302 lor
148 2243 287 2304 eximiae
319 2244 573 2320 compassionis:
605 2261 704 2321 super
735 2245 826 2306 inno-

74 2350 163 2401 cente
191 2352 296 2402 morte
325 2352 380 2403 tua
408 2359 466 2418 pro
496 2359 548 2401 me
570 2343 603 2402 in
631 2360 728 2403 cruce
751 2361 826 2402 con·

73 2450 239 2501 summata.
284 2441 363 2501 Plus
391 2457 444 2500 me
467 2457 600 2501 movere
623 2441 718 2500 debet
740 2441 863 2517 quodzo

72 2554 127 2611 pro
150 2556 202 2598 me
225 2538 401 2599 crucifixus
424 2555 460 2598 es
483 2547 514 2598 et
537 2547 701 2598 mortuus:
730 2555 826 2614 quarn

72 2635 98 2695 si
126 2646 213 2698 totus
244 2637 387 2697 mundus
415 2635 495 2696 mihi
526 2637 619 2696 datus
649 2635 766 2696 luisset
796 2645 828 2695 et

71 2751 127 2808 pro
159 2752 212 2794 me
244 2752 419 2811 expensus,
471 2734 694 2794 Moriatur
725 2752 828 2812 ergo

71 2833 213 2893 anima
240 2851 331 2893 mea
357 2842 497 2893 morte
524 2833 670 2892 beata:
698 2842 730 2892 et
752 2833 829 2892 liant

72 2931 250 2991 novissima
272 2949 345 2991 mea
361 2931 502 2991 Domino
525 2947 598 2990 meo
619 2931 747 2990 similia.
780 2931 864 2991 Daas

73 3028 211 3090 Domine
229 3029 359 3089 felicem
375 3029 489 3089 mortis
505 3031 635 3089 horam:
655 3040 687 3088 et
702 3029 827 3089 beatam

74 3135 178 3186 tecum
205 3127 356 3187 invenire
382 3127 540 3203 requiem.
584 3127 724 3187 Felicius
749 3127 828 3187 mihi

74 3223 133 3283 erit
163 3233 271 3285 tecum
304 3224 367 3284 iarn
400 3224 499 3285 mori:
528 3242 625 3301 quarn
655 3242 719 3284 una
750 3227 830 3286 hora

75 3319 197 3382 sinete
220 3321 343 3382 diutius
365 3321 487 3382 vivere.
519 3320 617 3398 Quod
633 3322 660 3382 si
677 3332 828 3400 negatum

77 3416 186 3479 luerit:
217 3420 332 3481 faciam
356 3421 441 3497 quod
465 3421 602 3480 devotus
625 3418 762 3478 affectus
786 3419 865 3479 la-so

78 3529 149 3574 cere
171 3519 350 3579 consuevit.
394 3518 564 3579 Secretum
587 3526 712 3593 petam:
735 3526 767 3577 et
789 3516 829 3576 ob

436 3623 473 3665 187
