2118 4186
22 505 25 566 i

100 605 177 666 licis
204 606 365 682 fulgerent
390 605 510 682 signis:
537 617 569 666 et
591 616 734 667 sanctam
757 608 861 667 eccle-

19 745 20 752 κ
100 704 186 764 siam
209 704 365 764 doctrinis
392 705 613 765 illuminarent
638 714 670 764 ct
692 705 860 781 exemplis.

101 802 225 862 Merito
257 819 333 879 ergo
365 802 471 862 cuncti
510 802 624 863 fideles
655 803 740 864 diem
772 806 860 864 hunc

99 900 346 960 sanctissimum
368 900 542 960 devotione
564 901 738 977 praecipua
760 903 860 962 hono-

99 1016 176 1058 rare
204 999 340 1073 debent,
369 1007 401 1057 et
424 997 565 1072 Spiritus
593 999 696 1059 sancti
725 999 883 1076 gratiams

99 1097 276 1171 invocarc3
313 1107 347 1156 ut
383 1096 455 1156 eius
490 1095 677 1156 visitatione
713 1114 859 1157 merean-

99 1204 157 1253 tur
176 1194 278 1255 imbui
309 1205 341 1253 et
363 1194 542 1254 consolari:
571 1193 644 1254 eius
673 1212 783 1255 amore
808 1213 858 1254 ac-

98 1292 208 1367 cendi,
230 1292 302 1352 eius
325 1309 398 1352 rore
421 1293 459 1351 ab
482 1292 570 1352 omni
587 1292 739 1352 vitiorum
762 1294 858 1353 sorde

96 1389 240 1466 purgari.

143 1486 268 1548 Omnes
284 1505 424 1564 namque
441 1489 543 1548 sancti
560 1500 592 1548 et
607 1489 723 1549 electi
741 1490 779 1549 ab
796 1490 857 1549 ori·
870 1506 894 1546 ro

96 1584 176 1661 gine
199 1585 310 1645 mundi
333 1585 432 1645 huius
454 1585 589 1645 sancti
613 1586 784 1662 Spiritus
807 1587 858 1646 in-

97 1682 333 1759 spiratione,
360 1683 399 1742 ad
426 1683 572 1744 divinum
595 1686 717 1744 cultum
743 1686 855 1746 tracti

96 1790 186 1855 sunt,
208 1791 240 1841 et
261 1782 300 1840 ab
322 1782 489 1842 erroribus
510 1782 680 1859 gentilium
697 1783 858 1858 revocati3

97 1888 139 1938 et
161 1880 411 1956 quicumque
434 1879 688 1941 charismata
715 1880 857 1940 divina

97 1989 394 2053 acceperunt:
421 1979 460 2038 in
487 1977 748 2038 humilitate
772 1979 891 2038 Deors

97 2075 274 2135 maxime
300 2077 562 2151 placuerunt.

139 2172 256 2233 Adhuc
279 2173 375 2233 etiam
392 2173 533 2249 Spiritus
556 2182 688 2232 sanctus
704 2183 856 2248 operatur

97 2271 130 2329 in
148 2271 298 2331 fidelibus
314 2272 384 2330 suis
397 2272 498 2330 multa
508 2272 593 2330 bona
604 2270 746 2330 caritatis
756 2288 855 2346 opera

95 2368 158 2428 sibi
188 2378 293 2444 grata,
322 2368 460 2445 aliisque
487 2369 648 2445 proficua3
677 2378 708 2427 et
734 2368 761 2427 si
789 2385 854 2428 non

96 2475 208 2541 aperta
240 2466 413 2526 miracula:
447 2476 555 2525 tamen
588 2465 777 2541 frequenter
808 2466 891 2526 in-ao

96 2573 209 2624 ternae
220 2564 404 2624 devotionis
414 2573 556 2640 praestat
566 2564 696 2624 solacia.
719 2563 855 2640 Aperit

96 2679 249 2738 quoque
272 2662 475 2722 orantibus
498 2672 530 2721 et
551 2671 671 2722 attente
690 2663 854 2738 psallenti-

95 2760 158 2820 bus
189 2769 428 2819 sanctarum
461 2759 767 2834 scripturarum
800 2778 854 2820 ar-

95 2874 213 2932 cana3
240 2873 322 2933 quae
345 2867 421 2916 sunt
443 2856 638 2932 cognitionis
665 2868 704 2916 ct
730 2857 854 2917 dilec-

95 2955 240 3015 tionis
268 2971 380 3014 suae
409 2954 545 3029 signa
575 2954 890 3014 verissimam

96 3051 224 3113 confert
253 3062 285 3112 et
314 3062 426 3112 contra
453 3051 666 3112 multiformia
692 3053 853 3111 humanae

95 3150 278 3228 fragilitatis
300 3159 542 3227 temptamenta,
564 3150 742 3226 spiritualis
765 3150 854 3209 forti-

94 3247 219 3308 tudinis
242 3249 387 3309 remedia
408 3259 528 3309 sancta.
566 3249 639 3324 lpse
661 3249 781 3325 quippe
804 3258 854 3307 est

95 3346 151 3422 qui
174 3345 290 3406 fideles
311 3365 390 3408 suos
404 3365 464 3424 per
478 3365 571 3407 sacra
586 3347 715 3423 eloquia
731 3345 854 3421 erudit3

94 3459 154 3518 per
175 3444 337 3519 praelatos
359 3443 450 3520 regit,
473 3460 530 3518 per
545 3444 733 3504 sacerdotes
748 3460 890 3504 sacra-so

94 3550 205 3601 menta
227 3541 403 3602 ministrat:
426 3558 468 3600 ne
491 3542 522 3601 in
546 3540 644 3600 huius
660 3541 744 3600 vitae
761 3557 852 3616 pere-

452 3644 492 3686 297
