2118 4186
211 423 291 476 ΘΧΘΧ)
328 422 502 466 ORATIONES
519 425 557 466 DE
573 425 720 468 PASSIONE
738 425 851 468 bontilli
886 427 974 478 ,Q

211 556 311 616 totius
333 556 444 617 mundi
467 558 659 618 remissum
682 559 873 636 cognovisti.
919 560 975 620 ln-

212 663 370 715 nocenter
391 672 467 731 ergo
483 671 601 731 passus
623 672 660 716 es
683 665 714 716 et
736 657 835 716 atroci
859 657 975 716 crucis

212 753 373 829 supplicio
393 753 625 829 interemptus:
648 755 706 815 sed
722 764 830 815 tarnen
845 756 975 816 infruc-

211 860 306 911 tuose
328 867 394 909 non
417 867 453 910 es
474 860 633 927 mortuus,
658 853 734 929 quia
754 870 813 929 per
834 871 973 914 crucem
1043 839 1044 856 ¹

190 959 244 1009 set
254 965 313 1024 per
327 957 465 1008 mortem
476 957 563 1008 tuam
576 965 692 1009 omnes
702 949 826 1010 liberati
841 967 974 1011 sumus

213 1045 241 1107 0
264 1046 358 1106 beata
379 1053 411 1105 et
432 1044 569 1104 nimium
592 1046 740 1107 amabilis
762 1064 851 1123 crux,
873 1048 976 1108 arbor

213 1144 331 1203 decora
354 1151 451 1219 atque
480 1142 664 1218 salutifera,
693 1143 726 1203 in
756 1162 819 1222 qua
847 1162 974 1221 pepen-

213 1240 287 1302 disti
302 1241 369 1302 vita
383 1257 456 1300 mea
470 1258 528 1316 pro
544 1259 596 1302 me
612 1251 754 1303 mortua:
777 1252 812 1303 ut
829 1252 971 1303 mortem

213 1339 381 1399 occideres
397 1348 428 1399 et
443 1338 541 1399 vitarn
558 1339 637 1399 mihi
653 1340 801 1401 donares.
824 1341 854 1402 Ο
871 1358 971 1417 quarn
1043 1335 1044 1408 ἶ

180 1437 291 1498 roielix
323 1447 354 1497 et
385 1436 528 1512 pretiosa
557 1455 647 1497 mors
677 1437 740 1498 ista
774 1437 849 1513 luit,
886 1455 972 1513 quae

213 1533 327 1594 mortis
342 1543 507 1594 auctorem
524 1533 612 1609 vicit,
627 1534 792 1595 infernum
804 1551 845 1595 ex
856 1551 971 1594 morsu

213 1632 374 1708 spoliavit,
384 1631 524 1708 paradisi
535 1631 664 1692 ianuam
676 1633 844 1693 reseravit.
863 1633 972 1692 Bene·
1043 1617 1044 1648 ³

214 1729 298 1789 dicta
313 1729 354 1788 sit
369 1729 479 1805 passio
494 1739 558 1805 tua,
575 1731 715 1791 Domine
733 1732 807 1792 lesu
824 1730 972 1806 Christe,

214 1845 292 1887 crux
323 1837 378 1887 tua
409 1837 440 1888 et
468 1846 558 1888 mors
586 1838 656 1904 tua,
688 1846 771 1906 quae
802 1827 969 1904 antiquam

181 1934 383 2001 reparentum
420 1934 606 1986 nostrorum
638 1923 901 1987 maledictionem
936 1926 971 1986 in

214 2023 389 2083 caelestem
403 2023 564 2084 convertit
573 2023 847 2084 benedictionem.
864 2025 972 2084 Bene-

214 2120 298 2180 dicta
320 2120 385 2181 sint
406 2119 516 2180 ornnia
537 2122 683 2181 membra
706 2132 770 2196 tua,
794 2121 827 2181 in
850 2121 973 2197 quibus

213 2237 331 2295 passus
353 2236 406 2279 es:
429 2227 460 2278 et
482 2218 592 2279 ornnia
613 2220 750 2279 vulnera
766 2226 821 2278 tua
842 2217 901 2278 tibi
924 2218 973 2278 in·
1043 2213 1044 2226 ¹

215 2317 300 2377 flicta
328 2315 535 2377 aeternaliter
562 2314 628 2374 sint
655 2315 836 2376 benedicta.
886 2315 971 2374 Nam

177 2412 974 2491 aoipsasuntrneamaximamedicamentacontra
1043 2457 1044 2472 r

214 2511 377 2589 quaelibet
399 2511 477 2571 vitia
499 2520 530 2571 et
545 2511 667 2587 optima
681 2510 802 2571 solacia
816 2510 904 2571 inter
919 2511 973 2570 ad-

214 2627 318 2670 versa.

255 2708 329 2768 Iesu
358 2707 460 2782 bone,
491 2705 586 2765 dulce
614 2714 664 2765 est
694 2714 802 2765 tecum
832 2721 909 2765 esse
937 2705 972 2765 in
1043 2751 1044 2756 η

215 2822 329 2879 cruce,
357 2804 444 2881 quod
471 2802 573 2879 magis
602 2811 678 2878 opto
706 2804 844 2878 habere,
873 2821 972 2879 quarn

178 2919 330 2966 asomnes
361 2902 538 2963 solationes
569 2910 713 2961 naturae.
765 2899 890 2960 Melius
922 2909 974 2961 est

214 3001 295 3062 mihi
326 3010 433 3061 tecum
466 3016 541 3060 esse
573 2999 606 3059 in
635 2998 761 3075 magnis
792 2998 972 3073 doloribus,

215 3117 311 3178 quarn
334 3099 406 3158 sine
429 3108 460 3158 te
482 3097 515 3157 in
541 3095 679 3156 sumrnis
701 3096 814 3156 mundi
839 3096 973 3156 honori·

214 3199 285 3256 bus.
329 3194 381 3256 Oh
405 3193 485 3254 mihi
508 3202 574 3269 est,
597 3193 683 3269 quod
706 3192 820 3268 patior,
841 3209 917 3252 curn
939 3202 973 3253 te

215 3295 248 3355 in
278 3310 375 3353 cruce
405 3292 617 3367 contemplor.
661 3290 728 3351 Sub
756 3292 817 3350 hac
848 3291 972 3351 sedebo

178 3410 205 3450 ao
215 3401 247 3452 et
262 3390 390 3467 lugebo,
405 3390 618 3450 considerabo
635 3397 667 3449 et
681 3388 836 3465 pensabo,
852 3399 973 3466 quanta

216 3505 332 3565 passus
362 3487 404 3547 sit
432 3504 490 3562 pro
519 3505 572 3547 me
602 3487 692 3547 Deus
721 3502 825 3546 meus.
873 3486 970 3547 Multi
