2144 4194
83 471 419 524 mmmm
455 471 500 524 [¹³]
534 472 855 524 mm&

85 605 368 664 commendemus
400 614 530 664 nosmet
560 604 650 681 ipsos
686 605 719 665 in
756 607 856 666 multa

85 701 253 776 patientia
274 717 334 778 per
355 719 443 762 arma
466 701 609 762 iustitiae
631 703 760 763 virtutis
783 703 855 763 Dei.

87 799 146 860 Est
168 815 262 859 nunc
277 799 371 859 valde
387 799 574 859 necessaria
589 801 759 877 patientia3
780 801 856 878 quia

86 899 196 957 multa
220 907 397 957 occurrunt
417 907 551 958 naturae
571 898 749 958 contraria:
772 916 855 975 quae

85 995 178 1056 bene
194 996 316 1071 portari
332 1006 501 1073 nequeunt
515 996 587 1055 sine
603 996 731 1055 interna
744 996 878 1072 gratias

87 1092 190 1154 Alius
207 1103 317 1153 tamen
333 1096 406 1169 hoc,
428 1093 512 1153 alius
527 1093 606 1153 illud
622 1093 761 1170 amplius
777 1110 855 1169 pon-

87 1193 202 1253 derat:
232 1193 413 1251 secundum
436 1192 522 1268 quod
545 1208 624 1250 suae
645 1200 779 1251 naturae
801 1201 854 1251 aut

88 1289 327 1350 consuetudini
342 1289 445 1366 magis
456 1289 620 1349 adversari
633 1288 741 1348 sentit.
765 1289 854 1348 Ideo-

89 1405 158 1465 que
173 1389 291 1448 beatus
307 1398 339 1447 et
354 1387 501 1463 sapiens:
525 1387 579 1464 qui
595 1387 658 1446 iam
675 1387 779 1446 virilis
795 1398 854 1461 est,

90 1496 122 1546 et
147 1485 307 1562 patientia
327 1485 561 1561 praemunitus.
593 1485 677 1544 Nam
695 1485 852 1561 optimum
866 1503 890 1544 to

90 1583 280 1644 remedium
312 1591 361 1642 est
392 1598 457 1641 non
489 1582 606 1641 cedere
637 1582 762 1657 timori,
793 1599 853 1642 nec

91 1693 187 1758 terga
206 1680 392 1740 adversario
408 1679 501 1739 dare:
523 1679 581 1738 sed
597 1678 734 1739 viriliter
749 1696 854 1756 agere,

92 1789 126 1839 et
142 1778 286 1838 libenter
300 1777 396 1837 etiam
412 1777 497 1836 velle
512 1776 630 1836 artiora
642 1794 700 1852 pro
713 1777 853 1837 Domino

93 1876 219 1936 subire.
252 1874 305 1935 Sic
321 1876 408 1936 enim
430 1876 579 1935 fecerunt
593 1876 696 1935 sancti
712 1875 772 1935 viri
788 1876 854 1952 glo·

94 1974 175 2034 riosi
200 1983 308 2049 patres
330 1974 432 2034 nostri
455 1973 566 2033 divino
588 1990 698 2033 amore
714 1973 854 2049 accensi,
866 1994 890 2034 rs

95 2072 152 2149 qui
175 2073 258 2132 haec
280 2071 507 2131 instituerunt:
534 2081 566 2132 et
587 2071 682 2130 nobis
704 2070 854 2130 similiter

96 2171 222 2248 agenda
253 2170 465 2246 reliquerunt.
515 2168 666 2244 Denique
698 2168 853 2230 Christus

98 2269 192 2328 lesus
209 2267 371 2327 Dominus
393 2275 507 2327 noster
526 2266 636 2342 gravia
656 2266 763 2326 crucis
779 2284 853 2341 sup·

96 2365 194 2441 plicia
223 2365 338 2425 subiit:
368 2375 399 2424 et
427 2363 614 2440 patientiam
643 2381 736 2423 suam
758 2363 852 2423 nobis

95 2463 128 2522 in
151 2462 409 2522 consolationem
439 2472 471 2523 et
492 2472 681 2538 perpetuam
704 2461 888 2521 imitatio-20

96 2578 171 2621 nem
195 2561 475 2637 praemonstravit.
508 2559 668 2637 Quisquis
687 2558 785 2635 igitur
799 2560 852 2619 de-

96 2659 205 2718 votius
227 2675 264 2718 se
287 2659 382 2719 modo
405 2659 437 2717 in
461 2658 587 2718 cunctis
609 2656 764 2733 gesserit:
787 2674 852 2717 non

97 2755 231 2815 dubium
254 2755 341 2832 quin·
355 2755 529 2815 iucundius
556 2765 703 2814 sanctum
733 2756 853 2829 pascha

97 2852 263 2928 suscipiet.
299 2851 507 2929 Quicumque
529 2870 616 2912 nunc
639 2852 852 2912 abstinentior

98 2960 128 3009 et
163 2949 335 3010 sollicitior
369 2951 408 3010 ad
444 2950 626 3026 profectum
662 2950 888 3010 interiorem25

1 3103 3 3124 ‚
98 3046 211 3107 luerit:
234 3047 349 3108 laetior
370 3048 482 3124 utique
499 3047 639 3107 Domino
659 3059 851 3124 resurgente

97 3162 169 3204 cum
192 3145 265 3221 ipso
287 3144 442 3204 iubilabit.

137 3243 266 3305 Olesu
294 3242 379 3303 bone
407 3243 512 3303 dulcis
541 3244 662 3318 hospes
689 3253 721 3304 et
747 3244 850 3304 amice

99 3339 219 3416 tidelis;
254 3341 366 3401 adesto
401 3341 574 3401 desideriis
610 3350 642 3401 et
676 3340 850 3417 gemitibus

99 3437 195 3497 meis:
218 3437 365 3498 conforta
387 3455 439 3497 me
461 3437 615 3513 pusillum
631 3437 664 3497 in
680 3439 742 3497 hoc
757 3453 849 3496 sacro
860 3459 890 3500 so

99 3533 219 3596 ieiunio
241 3545 313 3595 ate
335 3535 478 3612 legitime
501 3547 700 3596 consecrato.
737 3537 787 3595 Da
801 3553 850 3595 ro-

456 3641 494 3682 147
706 3640 745 3681 ro·
