2114 4168
514 413 678 467 Epiiegomenu.

220 565 316 608 manu
333 547 453 623 scripta
467 555 663 622 sequuntur:
679 545 806 604 Finitus
820 550 854 604 et
866 544 980 619 scripta
1042 471 1045 594 1

215 633 292 704 per¹
308 638 375 687 maa
384 628 447 704 fris
461 627 535 686 thoe
552 626 650 701 laepia,
667 625 699 686 id
714 636 779 685 est:
803 625 933 684 Finitus
947 634 980 686 et

217 709 354 783 scriptus
364 723 425 783 per
437 723 553 767 manus
561 706 676 784 fratris
689 705 977 780 ThomaeKempis.

220 789 349 866 Quibus
360 787 470 848 verbis
480 787 561 864 ipsis
572 786 729 846 Thomam
742 786 896 860 scribam,
912 804 976 847 non

219 879 384 929 auctorem
406 867 521 942 notari,
545 884 610 927 non
634 876 694 941 est,
718 867 804 943 quod
827 867 979 943 pluribus

219 967 436 1026 exponamus;
459 948 517 1008 sed
539 948 618 1024 quin
641 956 753 1007 auctor
774 948 826 1023 sit,
850 949 977 1008 nemini
1044 969 1045 1004 1

219 1030 353 1091 dubium
386 1046 461 1089 esse
493 1038 609 1105 potest.
661 1028 811 1104 Namque
842 1027 890 1102 is,
923 1029 978 1105 qui

218 1112 360 1171 tabulam
396 1110 484 1169 iilam
520 1118 714 1170 tractatuum
750 1117 781 1168 et
818 1108 976 1169 librorum
1044 1137 1045 1158 r

219 1190 363 1251 Thomae
385 1190 579 1265 composuit,
601 1191 641 1250 de
657 1206 720 1265 qua
735 1190 797 1248 vol.
812 1190 841 1250 V
857 1192 920 1249 386
931 1207 978 1265 sq.

220 1272 281 1348 egi,
297 1271 377 1331 locis
394 1271 453 1330 XX
470 1279 501 1330 et
517 1271 592 1330 XXI
609 1272 690 1330 haec
706 1278 894 1329 enumerat:
910 1269 979 1330 Ser·

220 1368 329 1412 mones
358 1353 398 1411 de
426 1351 650 1411 incarnatione
678 1350 809 1410 Domini
836 1351 980 1411 scilicet:

220 1432 416 1493 Scrutamini
443 1432 617 1506 scripturas
645 1431 703 1491 &a
730 1440 782 1491 et:
810 1429 980 1490 Sermones

219 1514 259 1572 de
285 1513 353 1572 vita
382 1517 414 1571 et
436 1512 590 1587 passione
610 1511 757 1581 Domini,
785 1510 912 1571 scilicet
939 1513 980 1570 ab

220 1594 360 1653 adventu
382 1592 513 1652 Domini
541 1601 572 1652 et
595 1593 666 1651 loco
690 1591 827 1651 XXVll:
857 1591 981 1666 Alpira-
1044 1621 1045 1634 1

220 1675 325 1733 beturn
357 1672 507 1733 monachi
536 1673 677 1733 scilicet:
710 1671 783 1730 Vias
814 1676 890 1730 trias
919 1673 981 1731 Do-

222 1754 306 1813 mine
334 1754 516 1813 demonstra
538 1753 613 1823 &c.,
643 1761 675 1812 et
698 1752 862 1811 lohannes
885 1752 981 1811 Mau·

219 1835 366 1893 burnus²
381 1834 414 1893 in
431 1833 543 1893 codice
555 1832 764 1893 Bruxeliensi
781 1835 878 1892 11816
892 1832 982 1892 inter

220 1915 282 1974 alia
296 1914 440 1974 Thomae
463 1913 583 1990 scripta
604 1913 713 1973 minus
735 1912 877 1972 dilucide
895 1914 979 1972 haec
1044 1935 1045 1978 ς

221 2005 394 2055 memorat:
423 1993 589 2054 Sennones
617 1995 735 2053 multos
764 2002 811 2053 et:
837 1993 884 2052 De
901 2009 980 2068 pas-
1044 2001 1045 2006 ’

219 2077 310 2135 sione
331 2075 470 2134 Domini.
512 2075 718 2152 Quibuscum
740 2073 925 2133 sententiae
948 2084 981 2133 et
1044 2073 1045 2130 i

220 2157 319 2216 verba
330 2154 601 2216 ceterisThomae
612 2154 800 2215 tractatibus
811 2153 982 2214 simillima

221 2253 459 2313 saepenumero
489 2244 680 2313 congruunt.
730 2233 758 2294 Α
787 2234 908 2310 quibus
938 2252 981 2294 ne

221 2318 425 2378 tractatulum
451 2316 582 2392 quidem
605 2314 784 2376 Teutonice
809 2315 982 2391 scriptum,

222 2398 282 2458 etsi
305 2398 436 2457 aliunde
458 2407 556 2458 notus
578 2414 643 2457 non
667 2397 717 2471 sit,
740 2396 980 2472 segregandum
1044 2453 1045 2476 1

222 2496 297 2538 esse
312 2479 446 2538 Hirsciie
461 2478 472 2537 l
488 2480 557 2537 290.
574 2480 634 2537 294
656 2475 857 2553 argumentis
873 2477 982 2536 allatis
1044 2487 1045 2580 1

222 2558 466 2619 demonstravit.

309 2762 353 2832 C.
380 2763 442 2829 DE
470 2761 618 2829 HVIVS
644 2759 894 2828 EDITIONIS

486 2867 712 2935 RATIONE.

264 3030 350 3090 Cum
366 3038 502 3104 excepto
517 3027 696 3103 Alpirabeto
712 3027 880 3086 monachi³
895 3034 982 3085 cete-

224 3128 333 3171 rorum
347 3118 540 3169 tractatuum
552 3116 681 3184 praeter
690 3107 715 3167 A
724 3110 754 3182 2,
770 3107 856 3183 quod
868 3106 983 3180 sciam,
1044 3125 1045 3160 1

265 3297 274 3376 1
286 3307 327 3348 per
340 3296 449 3389 scripturn
464 3302 499 3337 est
514 3306 554 3346 per
568 3293 735 3346 compendium.

266 3347 434 3455 ῧῖὧιανϋῖὶηιγι
446 3348 556 3444 ³iffissiqin
578 3401 693 3442 codicibus
713 3399 901 3442 Bruxellensibus
923 3399 982 3452 1526,

224 3456 285 3506 4661,
302 3455 364 3506 mi,
382 3455 454 3507 11167,
472 3455 631 3496 11841-11846
645 3453 680 3504 (ab
690 3453 713 3505 J.
729 3454 831 3495 Marciani
850 3455 982 3506 omissum),

224 3509 299 3560 21889,
315 3511 464 3560 praeteream
480 3509 519 3558 Re,
536 3509 558 3559 T,
575 3509 616 3559 te,
632 3507 668 3557 Pr,
683 3507 734 3558 Nor,
749 3507 800 3558 Asc,
815 3507 839 3559 S,
855 3507 936 3550 Kraus.

581 3587 622 3628 422
