2118 4186
230 407 271 458 &3
288 404 461 458 [SERMONES
474 406 513 448 ol:
523 406 590 449 VITA
601 406 636 449 ΕΤ
647 404 796 448 PASSIONE
809 405 933 459 DOMINI]
947 405 984 458 ἴς)

230 541 365 600 credere
395 541 581 600 noluerunt.
631 541 806 600 Laetentur
835 557 913 600 vero
943 539 984 599 ti-

230 639 348 699 deles
375 639 443 715 qui
470 656 529 699 me
556 638 754 715 diligunt:
777 640 985 699 consolentur

231 737 377 797 universi
417 737 527 814 populi
563 737 618 813 qui
655 753 760 796 meam
801 736 985 812 passionem

230 833 401 895 audientes
432 835 606 896 doluerunt
641 844 673 895 et
704 835 875 895 fleverunt.
928 833 986 894 Ac·

207 933 346 993 scedant
374 933 413 992 ad
441 950 494 993 me
520 933 671 1008 discipuli
698 933 753 1008 qui
775 933 917 1009 dispersi
941 931 987 991 fu·

229 1040 363 1107 gerunt:
384 1040 417 1091 et
431 1030 516 1091 inter
531 1039 692 1092 tormenta
706 1048 758 1091 me
774 1030 986 1107 reliquerunt.

231 1128 372 1189 Veniant
398 1128 437 1187 ad
464 1145 517 1188 me
544 1128 687 1188 humiles
709 1139 741 1189 et
762 1129 888 1189 devoti:
917 1143 987 1204 pro·

232 1226 347 1286 cedant
364 1227 552 1287 sacerdotes
567 1237 599 1288 et
614 1227 754 1287 ministri
770 1226 853 1287 albis
869 1225 987 1298 induti3

231 1325 386 1385 accedant
407 1325 446 1384 ad
468 1342 615 1385 mensam
638 1342 743 1385 meam
762 1341 840 1403 curn¹
860 1339 986 1384 summa

197 1440 221 1482 ro
231 1422 415 1483 reverentia
429 1423 548 1500 singuli
569 1423 753 1484 christiani:
775 1433 807 1482 et
822 1422 987 1482 celebrent
1041 1497 1042 1500 Ἴ

231 1537 347 1581 omnes
368 1520 490 1597 populi,
512 1522 596 1580 hanc
611 1520 698 1580 diem
718 1522 859 1597 paschae
877 1519 911 1578 in
927 1535 986 1594 qua

232 1618 406 1678 resurrexi.
442 1619 507 1695 Ego
530 1619 618 1679 enim
641 1636 714 1678 sum
736 1619 935 1679 resurrectio
957 1627 985 1677 et
1041 1619 1042 1622 ’

231 1717 313 1792 vita;
341 1732 402 1792 ego
430 1733 503 1775 sum
527 1717 619 1792 panis
641 1717 737 1777 vivus
759 1717 799 1776 de
821 1717 913 1776 caelo
935 1717 985 1775 de·

232 1815 411 1876 scendens:
427 1814 481 1891 qui
498 1825 627 1890 praesto
643 1813 741 1874 vitam
757 1814 890 1874 mundo.
923 1813 983 1889 Ego

198 1932 222 1973 ιε
232 1929 304 1972 sum
333 1922 443 1989 pastor
470 1913 576 1971 bonus
598 1911 653 1988 qui
676 1914 773 1988 pasco
796 1929 877 1973 oves
899 1927 983 1972 meas

232 2009 853 2085 simplicesetoboedientes:
876 2012 983 2070 volun·

233 2118 329 2169 tatem
346 2108 508 2184 propriam
525 2109 758 2186 relinquentes,
781 2118 813 2168 et
827 2125 933 2168 meam
947 2108 982 2166 in

233 2205 424 2267 omnibus
452 2215 639 2284 sequentes
683 2208 749 2284 Ego
771 2224 844 2267 sum
872 2222 983 2266 manna

233 2304 457 2365 absconditum
473 2305 625 2381 gaudium
646 2305 847 2382 angelorum,
869 2303 982 2379 pascha

196 2401 502 2478 aochristianorum,
535 2402 674 2463 felicitas
702 2412 907 2477 sanctorum;
934 2418 981 2460 an·
1036 2425 1037 2451 t

232 2501 324 2577 gelos
352 2511 462 2576 aperta
489 2499 617 2559 visione
645 2499 841 2560 laetificans:
873 2509 905 2560 et
932 2500 982 2558 ho·

233 2598 340 2658 mines
362 2598 395 2657 in
417 2608 503 2658 terra
524 2609 728 2659 sacramento
751 2616 824 2659 meo
845 2615 981 2658 commu·

233 2696 356 2756 nicans.
388 2695 463 2755 Noli
480 2712 556 2772 ergo
572 2695 693 2756 turbari
710 2695 801 2772 quasi
818 2695 852 2755 in
869 2694 981 2755 mundo

233 2793 427 2868 despectus3
454 2793 520 2852 noli
551 2793 734 2853 contristari
761 2792 854 2870 quasi
878 2810 897 2852 a
918 2792 980 2852 Deo

197 2909 224 2950 25
233 2890 426 2951 derelictus:
448 2891 513 2951 noli
537 2891 652 2952 timere
668 2891 760 2967 quasi
783 2891 823 2950 ab
845 2888 980 2950 inimicis

233 2989 380 3049 vallatus.
430 2989 504 3049 Non
536 2999 567 3050 te
599 2989 782 3049 deserui
819 3005 900 3049 nec
929 2989 981 3048 de·

234 3103 375 3147 seram:
401 3103 466 3147 non
488 3097 520 3148 te
542 3087 677 3147 abieci
701 3103 774 3146 nec
796 3087 981 3158 abiciam3

234 3185 293 3245 sed
321 3185 355 3244 in
377 3185 488 3246 multis
510 3197 541 3246 te
563 3185 723 3262 probabo,
750 3195 782 3246 et
804 3202 864 3261 per
885 3185 980 3246 varias

234 3282 429 3344 tentationes
460 3293 492 3344 te
522 3284 657 3344 ducam:
688 3292 720 3343 et
750 3282 842 3360 quasi
875 3297 979 3342 aurum

198 3381 308 3457 aoigne
337 3382 527 3441 examinabo
556 3391 588 3441 te
617 3391 649 3441 et
676 3381 829 3457 purgabo.
874 3380 920 3441 Et
944 3379 979 3438 in

235 3488 421 3553 tempore
452 3478 749 3538 tribulationis
782 3477 978 3553 apparebo

593 3583 634 3624 274
