2114 4168
76 444 400 496 &mmmm
447 445 471 486 1⁰
514 443 835 496 WQXQQQ

77 593 178 651 super
192 579 277 636 vitas
292 577 479 636 hominum:
498 587 530 637 et
545 577 699 653 splendor
713 577 835 654 gloriae

77 672 834 752 tuaesuperomnesemicatchorosangelorum.

77 772 836 850 Ascendatigiturnuncpauperculaoratiomea

77 871 116 930 ad
133 871 327 931 ditissimam
343 870 507 929 dominam
524 887 640 946 meam,
663 882 694 931 et
709 871 835 930 deside-

77 969 164 1028 rium
187 985 296 1027 meum
320 969 358 1027 ad
381 978 413 1028 te
434 969 620 1045 perveniat,
648 980 683 1029 ut
704 970 737 1029 in
760 986 857 1028 con-5

77 1076 194 1142 spectu
218 1065 274 1125 lilii
297 1065 342 1125 tui
359 1083 490 1125 causam
507 1084 612 1126 meam
629 1066 834 1142 pronunties:

76 1175 154 1224 ante
180 1164 274 1223 cuius
297 1180 432 1223 examen
455 1180 552 1223 nemo
575 1181 615 1224 ex
637 1180 673 1223 se
695 1163 766 1239 ipso
789 1163 835 1222 in-

77 1279 208 1322 nocuus
234 1261 408 1322 invenitur.
450 1260 479 1322 Ο
503 1261 760 1322 clementissima
781 1261 835 1320 do-

76 1361 185 1435 mina,
212 1370 343 1436 propter
371 1359 504 1418 nimiam
528 1360 693 1419 caritatem
716 1369 748 1418 et
770 1359 836 1418 sin-

76 1461 224 1535 gularem
248 1457 495 1532 confidentiam,
516 1476 613 1534 quam
636 1459 674 1517 ad
697 1469 728 1518 te
747 1474 836 1534 gero,
848 1478 871 1517 ro

77 1557 136 1617 tibi
174 1555 318 1617 revelavi
349 1573 479 1615 causam
512 1572 616 1615 meam
653 1566 685 1615 et
720 1557 835 1617 amodo

78 1657 183 1716 tutius
206 1655 366 1715 revelabo.
398 1655 511 1714 Sentio
534 1654 621 1714 enim
643 1654 683 1714 de
699 1664 730 1714 te
746 1654 835 1714 exire

79 1753 235 1813 virtutem
258 1770 417 1829 magnam,
439 1763 470 1812 et
488 1753 677 1812 memoriale
693 1752 836 1811 nominis

79 1851 126 1910 tui
150 1851 307 1911 solacium
332 1851 401 1910 fore
424 1851 551 1910 animae
573 1868 674 1910 meae.
715 1849 836 1911 Odul-

79 1949 252 2008 cissimum
264 1965 384 2008 nomen
395 1947 530 2022 Mariae,
541 1964 661 2007 nomen
672 1947 836 2007 unctionis
848 1969 872 2009 rs

79 2057 112 2106 et
142 2046 265 2122 gratiae
293 2063 424 2122 semper
453 2045 676 2122 cogitandum,
707 2063 838 2122 semper

79 2144 316 2204 nominandum
339 2154 371 2204 et
392 2144 625 2204 venerandum.
665 2142 693 2204 O
716 2160 836 2203 nomen

80 2241 241 2301 caelicum
270 2252 302 2301 et
330 2259 408 2302 vere
436 2243 636 2319 angelicum:
665 2241 751 2316 quod
780 2258 836 2300 ore

80 2339 301 2416 evangelistae
333 2349 459 2400 constat
489 2339 639 2399 fidelibus
670 2339 722 2413 pie
751 2355 838 2398 com-

80 2437 287 2497 mendatum:
319 2447 350 2499 et
378 2455 516 2513 nomen,
547 2437 668 2514 inquit,
702 2436 873 2513 virginiszo

81 2535 197 2595 Maria.
249 2534 278 2596 O
310 2535 530 2595 sacratissima
560 2545 592 2594 et
623 2535 710 2594 omni
743 2535 837 2594 laude

81 2633 274 2710 dignissima
289 2632 407 2692 illaria:
423 2642 457 2691 tu
473 2641 564 2707 porta
580 2632 677 2691 caeli:
693 2643 726 2692 tu
742 2632 839 2691 ianua

81 2731 184 2791 vitae:
220 2741 254 2790 tu
290 2731 447 2806 templum
480 2729 558 2788 Dei:
594 2739 627 2788 tu
659 2730 836 2790 sacrarium

82 2828 225 2904 Spiritus
247 2827 360 2887 sancti.
393 2825 561 2904 Quidquid
584 2826 681 2902 igitur
696 2826 838 2903 pulchri-

81 2925 206 2985 tudinis
228 2936 260 2986 et
275 2925 479 2986 amoenitatis
501 2924 534 2983 in
550 2925 708 2983 creaturis
724 2937 873 2983 cernozas

82 3023 241 3099 quidquid
257 3040 408 3100 magnum
425 3033 457 3082 et
471 3021 653 3080 virtuosum
670 3022 703 3081 in
716 3021 838 3081 sanctis

84 3121 146 3180 Dei
158 3120 341 3195 considero,
356 3131 458 3181 totum
470 3130 544 3179 tuae
554 3135 734 3196 generosae
745 3118 839 3178 celsi-

83 3218 188 3278 tudini
211 3229 320 3294 aptare
342 3217 504 3291 desidero,
526 3216 602 3292 quia
623 3216 756 3292 dignum
779 3227 839 3290 est,

84 3325 119 3374 ut
150 3332 279 3375 mecum
311 3316 463 3374 omnibus
494 3313 652 3374 creaturis
683 3313 722 3372 ad
750 3325 837 3372 tuam

85 3422 274 3489 perpetuam
290 3413 507 3473 laudationem
523 3412 726 3486 transieram,
742 3428 837 3488 quam
847 3427 874 3466 ao

85 3510 118 3568 in
141 3510 316 3586 specialem
339 3520 474 3570 matrem
494 3525 531 3567 ac
548 3508 770 3568 fidelissimam
786 3509 838 3567 ad-

440 3614 480 3655 aar
