2118 4186
71 445 397 500 &ffiffitffiiffl
448 447 462 488 ⁵
514 442 833 496 mmmm

73 581 161 640 latus
182 589 274 640 tuum
297 582 410 640 lancea
425 577 538 638 militis
553 587 617 636 tam
633 576 739 637 valide
761 593 832 652 per-

73 677 216 737 foratum
239 686 306 752 est,
335 686 369 737 ut
391 675 546 736 continue
568 674 671 734 exiret
699 673 832 749 sanguis

73 787 108 835 et
130 793 213 852 aqua
242 775 275 835 in
298 773 556 850 redemptionem
586 772 685 833 totius
709 771 833 832 mundi.

116 874 146 935 Ο
163 872 435 933 inaestimabilem
454 870 631 944 caritatem,
653 878 687 929 ut
703 869 832 928 damna·

73 980 144 1030 tum
156 987 289 1031 servum
302 969 492 1043 redimeres,
505 975 605 1027 temet
616 967 722 1043 ipsum
735 967 854 1027 tantiss

74 1067 247 1144 suppliciis
263 1065 443 1143 exposuisti
459 1074 491 1126 et
506 1064 670 1124 innoxiam
684 1076 833 1139 mortem,

73 1181 116 1223 ne
132 1164 341 1225 aeternaliter
355 1180 512 1238 morerer,
529 1162 746 1222 libentissime
761 1180 833 1222 sus·

74 1261 202 1338 cepisti.
242 1262 319 1338 Ego,
343 1261 494 1336 Domine,
516 1260 666 1336 peccavi;
688 1278 747 1337 ego
770 1261 832 1319 hoc

73 1359 197 1436 grande
228 1368 396 1436 peccatum
433 1359 516 1435 leci;
550 1375 610 1435 ego
646 1375 719 1417 sum
755 1373 832 1416 reus

73 1456 222 1517 omnium
245 1458 418 1518 vulnerum
441 1467 581 1517 tuorum.
624 1454 713 1531 Quid
735 1455 832 1532 igitur
844 1474 868 1515 to

71 1555 252 1615 retribuam
274 1554 331 1615 tibi
354 1572 413 1630 pro
435 1554 605 1629 omnibus,
634 1570 717 1630 quae
740 1553 831 1613 retri-

71 1653 174 1712 buisti
206 1652 314 1713 mihi?
364 1651 397 1712 si
426 1651 546 1711 dedero
576 1668 629 1710 me
660 1662 692 1710 et
723 1650 831 1710 omnia

72 1767 165 1824 mea,
194 1767 277 1826 quae
300 1766 453 1826 umquam
481 1748 578 1808 habui
608 1748 830 1808 ethabiturus

71 1864 168 1922 sum,
200 1865 258 1924 pro
290 1848 422 1909 caritate
453 1847 513 1906 hac
545 1846 702 1920 maxima,
733 1862 829 1922 quam

73 1944 182 2006 iecisti
205 1962 353 2020 mecum,
381 1944 473 2022 quasi
496 1944 578 2004 nihil
608 1956 705 2004 esset.
742 1943 780 2003 Et
801 1943 828 2002 si
842 1961 866 2001 ιε

70 2041 237 2104 tradidero
265 2060 318 2103 me
347 2043 454 2119 ipsum
484 2041 541 2102 tibi
573 2042 606 2102 in
636 2051 829 2118 perpetuum

70 2159 219 2217 servum,
234 2158 299 2201 non
315 2140 434 2217 poterit
450 2141 582 2218 dignum
594 2157 668 2199 esse
679 2139 829 2216 pretium.
868 2189 878 2213 ,

72 2239 366 2316 Insupersitotum
377 2237 830 2313 mundumhaberemipsum-

71 2354 138 2413 que
161 2337 238 2397 dare
261 2353 403 2412 possem,
426 2336 531 2396 adhuc
547 2352 613 2394 non
629 2343 717 2394 esset
734 2334 830 2410 digna

71 2433 244 2494 retributio
266 2451 324 2510 pro
346 2433 481 2493 minima
494 2441 583 2509 gutta
599 2431 866 2508 pretiosissimiao

70 2531 242 2608 sanguinis
273 2524 337 2606 tui,
368 2546 466 2606 quem
498 2546 556 2605 pro
585 2546 638 2589 me
670 2529 703 2589 in
732 2546 829 2589 cruce

71 2628 228 2689 effudisti.
271 2628 343 2688 Vna
365 2628 452 2688 enim
481 2636 571 2704 gutta
599 2627 828 2703 pretiosissimi

71 2726 243 2802 sanguinis
277 2726 323 2786 tui
360 2725 550 2785 universum
586 2725 744 2784 mundum
777 2741 830 2784 ex-

71 2839 212 2898 purgare
231 2822 401 2898 potuisset.
430 2822 665 2882 Verumtamen
680 2839 747 2882 non
762 2822 830 2882 suf-

72 2918 140 2980 licit
161 2919 263 2979 amori
290 2928 346 2980 tuo
369 2921 445 2981 dare
468 2920 713 2997 congruentiam
737 2920 865 2980 satis-25

72 3017 242 3092 factionis,
277 3018 335 3078 sed
366 3035 406 3078 ex
437 3017 612 3078 abundanti
646 3017 828 3094 expendisti

72 3114 233 3190 pretium,
268 3125 471 3192 quottotum
508 3116 665 3176 mundum
702 3117 828 3175 salvare

71 3212 259 3288 decrevisti,
281 3212 314 3272 in
336 3231 400 3290 quo
424 3213 520 3274 etiam
541 3214 620 3274 mihi
644 3231 735 3290 spem
759 3213 829 3273 uni-

70 3327 141 3369 cam
165 3310 337 3387 reliquisti.
367 3311 449 3371 Nam
466 3329 506 3372 ex
521 3312 667 3389 quinque
683 3311 829 3387 corporis

71 3407 117 3468 tui
130 3408 323 3468 vulneribus
333 3409 465 3469 voluisti
478 3409 661 3486 largissime
677 3425 828 3469 emanare
838 3428 865 3467 so

71 3505 279 3565 dulcedinem
291 3507 434 3567 caritatis
444 3517 529 3582 tuae,
537 3523 633 3583 quam
645 3505 684 3565 ab
695 3515 827 3566 aeterno

101 3609 347 3664 nomannorum.
360 3611 400 3655 lll.
433 3613 474 3654 353
696 3611 724 3651 23
