2122 4196
64 588 171 649 tionis
188 599 363 650 occurrent
378 589 543 665 materiae,
558 607 641 666 quae
657 590 832 651 desidiosis

65 697 99 746 et
116 686 370 762 neglegentibus
385 688 510 747 velatae
529 698 606 748 sunt
625 697 656 748 et
671 698 833 763 remotae3

67 784 147 860 quia
178 784 306 846 Christi
337 782 494 863 mysteria
523 785 714 861 intellegere
743 784 830 861 digni

67 898 136 941 non
160 892 254 942 sunt:
285 883 339 960 qui
363 900 401 942 ea
423 900 496 943 cum
520 883 702 943 humilitate
725 892 756 943 et
778 883 831 942 de-

67 979 193 1038 siderio
229 996 296 1039 non
331 980 512 1058 requirunt.
571 981 657 1040 Hinc
693 981 731 1040 ad
768 980 854 1040 dis-s

69 1077 201 1153 cipulos
216 1077 287 1153 ipse
304 1078 391 1137 dicit.
420 1077 523 1138 Vobis
539 1078 648 1139 datum
665 1088 715 1138 est
732 1095 831 1139 nosse

68 1175 265 1252 mysterium
289 1175 378 1251 regni
403 1175 480 1234 Dei:
511 1176 632 1235 ceteris
659 1186 767 1236 autem
797 1177 830 1236 in

68 1273 244 1348 parabolis

109 1369 224 1430 Trahit
254 1382 362 1431 autem
392 1372 607 1432 vehementer
636 1389 726 1432 amor
756 1372 830 1432 lesu

69 1479 235 1529 amatores
258 1486 337 1528 suos
359 1469 398 1528 ad
421 1469 650 1530 ruminandum
673 1470 866 1530 mellifluam

69 1570 170 1628 verba
186 1585 227 1628 ex
242 1585 299 1627 ore
315 1567 387 1627 eius
401 1568 620 1644 procedentia,
642 1577 674 1627 et
689 1567 729 1627 ad
744 1567 829 1644 cogi-

68 1666 203 1726 tandum
235 1665 345 1724 divina
374 1666 445 1726 eius
468 1683 567 1742 opera
598 1666 630 1724 in
656 1682 754 1725 carne
776 1683 829 1741 pa-

68 1775 167 1824 trata:
190 1764 230 1822 ad
246 1780 329 1840 quae
345 1765 441 1840 digne
458 1764 634 1840 pensanda,
656 1764 745 1823 nulla
762 1764 828 1823 suf·

68 1861 184 1921 liciunt
212 1870 359 1936 tempora
391 1862 442 1921 vel
473 1870 647 1921 momenta.
696 1860 828 1920 Talibus

68 1959 157 2018 enim
178 1958 338 2018 familiare
354 1968 403 2018 est
419 1957 453 2017 in
468 1958 668 2034 quibuslibet
683 1959 863 2018 necessi-15

66 2056 189 2117 tatibus
220 2055 289 2114 suis
318 2064 350 2114 et
379 2055 487 2115 causis
515 2056 554 2114 ad
577 2055 826 2117 dilectissimum

66 2155 212 2214 amicum
235 2164 267 2213 et
282 2155 521 2214 consolatorem
537 2171 633 2213 suum
652 2154 759 2215 lesum
779 2173 826 2216 re·

66 2269 221 2327 currere3
250 2251 326 2328 quia
348 2251 418 2327 ipse
449 2252 522 2311 fons
545 2252 690 2312 omnium
713 2254 827 2330 gratia·

65 2365 138 2407 rum
156 2358 189 2408 et
206 2347 379 2408 virtutum:
402 2349 457 2424 qui
474 2350 544 2408 solo
560 2351 659 2410 verbo
683 2360 715 2411 et
730 2351 826 2412 unico

66 2455 146 2505 nutu
192 2456 310 2506 cuncta
350 2455 457 2521 potest
495 2445 688 2523 indisposita
726 2449 863 2508 rotor-20

41 2559 166 2603 ⁸mare.
221 2543 372 2604 Diversis
403 2553 511 2603 autem
543 2545 649 2604 modis
685 2546 723 2605 ab
755 2547 826 2622 ipso

66 2640 326 2702 consolationem
372 2641 552 2718 recipiunt3
591 2654 623 2704 et
663 2645 824 2705 interdum

65 2738 160 2798 valde
181 2755 317 2814 magnas
339 2740 459 2799 mentis
481 2740 738 2803 illuminationes
760 2759 827 2802 me-

65 2846 197 2896 rentur:
228 2836 282 2912 qui
312 2836 360 2896 sic
388 2837 504 2898 devote
536 2856 572 2898 ac
604 2840 827 2901 humiliter

65 2935 103 2993 ad
139 2935 252 3011 ipsum
288 2935 489 3010 coniugiunt.
547 2936 585 2997 Et
623 2947 743 3014 quanto
779 2938 862 2996 in-2s

65 3031 179 3091 timius
212 3049 249 3091 se
280 3033 320 3090 ad
351 3032 457 3108 ipsum
490 3044 701 3094 convertunt:
738 3045 825 3094 tanto

67 3129 201 3189 altiores
232 3129 353 3189 mentis
384 3147 541 3192 excessus
572 3132 611 3190 ab
647 3132 718 3207 ipso
749 3132 826 3192 visi-

66 3227 119 3286 tati
150 3227 334 3286 incurrunt.
377 3229 490 3288 Danda
522 3240 571 3289 est
603 3247 680 3306 ergo
711 3247 826 3307 magna

67 3341 165 3400 opera
188 3324 242 3383 his
264 3325 392 3385 devotis
414 3325 539 3402 diebus,
564 3337 595 3387 et
618 3343 749 3402 semper
771 3327 826 3386 ali-

69 3423 143 3497 quid
174 3423 316 3482 salutare
348 3423 380 3482 in
413 3425 510 3484 corde
540 3425 754 3499 versandum,
786 3425 862 3485 deso

69 3520 136 3595 lege
160 3529 192 3579 et
215 3521 403 3596 prophetis;
428 3521 467 3580 de
493 3521 656 3582 desiderio
679 3522 825 3599 antiquo·

434 3626 462 3666 ss
