2114 4168
382 386 547 440 Epilegomena.

83 521 218 597 scripta,
233 521 346 580 subter
360 537 443 596 quae
459 520 557 579 rubra
572 520 658 580 linea
673 521 768 581 ducta
784 532 844 596 est,

83 601 205 662 litteris
216 600 379 660 inclinatis
392 605 409 676 ¹,
425 600 538 660 subter
548 617 631 676 quae
642 606 737 676 strat,
747 602 844 663 latius

84 681 273 758 dispositis,
302 698 385 758 quae
409 698 469 757 ego
492 681 617 756 addidi,
645 682 775 742 uncinis
797 682 844 742 in-

84 764 187 823 clusa.
225 763 364 822 Litterae
388 761 416 823 C
439 771 472 821 et
488 760 522 836 li,
544 761 584 821 de
606 762 725 839 quibus
747 780 846 838 supra

84 861 116 920 p.
138 846 198 903 405
220 842 300 918 dixi,
322 842 355 902 in
378 842 438 902 hac
461 841 603 902 editione
626 843 768 903 omissae
790 843 845 903 ubi

84 924 120 983 in
143 923 197 982 ΑΖ
219 932 401 998 occurrant,
425 922 546 999 passim
569 940 655 982 novo
677 940 776 983 versu
798 924 846 984 in-

87 1003 204 1064 dicavi.
235 1005 270 1064 ln
291 1003 410 1080 quibus
426 1002 579 1062 omnibus
594 1003 747 1079 quoniam
763 1004 844 1063 nihil

86 1084 223 1157 mutavi,
238 1083 316 1161 quin
333 1085 480 1160 legentes
491 1093 546 1143 aut
558 1083 591 1143 in
604 1083 846 1160 Epilegomenis

85 1173 143 1224 aut
165 1165 197 1223 in
214 1164 432 1225 Adnotatione
455 1163 566 1223 critica
586 1165 769 1240 edocerem,
792 1182 846 1224 ve-

85 1245 226 1305 rendum
249 1244 328 1304 mihi
352 1261 417 1303 non
440 1253 500 1320 est,
522 1261 563 1304 ne
586 1245 660 1320 quis
682 1245 746 1305 doli
770 1245 844 1305 maii

86 1343 141 1385 me
156 1325 227 1385 iure
243 1325 422 1400 insimulet,
444 1342 542 1400 quem
560 1325 695 1385 Servius
713 1326 844 1402 quidem

87 1407 132 1466 ita
168 1405 332 1466 definierit
367 1405 640 1465 machinationem
684 1407 844 1482 quandam

87 1486 223 1546 alterius
238 1485 422 1561 decipiendi
435 1503 543 1560 causa,
558 1503 631 1546 cum
644 1486 730 1547 aliud
746 1487 845 1547 simu-

86 1569 174 1627 letur
195 1576 226 1627 et
248 1567 335 1627 aliud
357 1575 470 1643 agatur
479 1571 498 1626 ³.

130 1745 138 1771 ¹
154 1743 257 1796 Exceptis
272 1744 345 1785 titulis
359 1743 408 1794 252,
422 1764 480 1791 22-25
495 1752 515 1786 ei
529 1743 577 1796 m,
592 1764 663 1794 2244,
681 1755 738 1795 quos
753 1743 780 1784 ad
796 1743 845 1784 reii-

89 1801 186 1852 quorum
201 1797 316 1838 titulorum
333 1797 505 1839 similitudinem
521 1797 667 1838 conformavi.
698 1796 765 1838 Linea
780 1798 846 1839 rubra

88 1864 164 1894 errore
185 1851 247 1893 deest
264 1851 309 1904 148,
326 1871 352 1899 n·
368 1872 388 1899 20
403 1853 480 1893 subter
499 1852 574 1893 dtebus
594 1854 615 1892 et
634 1851 782 1903 quadraginta
797 1862 846 1891 noc·

87 1907 154 1948 tibus.

131 1960 140 1987 ²
156 1958 202 2000 Etsi
218 1967 277 2000 arros
293 1958 344 2000 illas
360 1959 430 2001 lineas
445 1957 553 2000 aThomu
563 1959 641 2000 ductas
656 1970 762 2000 essenon
777 1957 846 2000 credi-

88 2014 174 2065 derim,
194 2021 280 2066 tamen,
301 2014 354 2065 quia
373 2012 419 2054 iliis
441 2013 485 2054 iere
505 2012 540 2054 vel
555 2013 677 2053 sententiae
694 2011 728 2052 vel
744 2013 846 2052 notiones

87 2068 204 2120 graviores
220 2067 358 2118 indicamur,
378 2068 435 2108 inter
449 2066 551 2119 singulas
566 2066 651 2108 litteras
666 2065 761 2118 spatiola
778 2077 847 2106 vacua

87 2121 144 2163 relin
163 2132 216 2162 uere
232 2132 275 2160 non
291 2119 369 2161 inutile
385 2133 436 2162 esse
452 2121 556 2161 iudicavi.

130 2176 139 2202 ³
172 2173 200 2214 ir.
211 2173 329 2215 Iustiniani
340 2173 431 2226 Digesta
439 2186 489 2215 reco
505 2171 846 2223 novirTheodorusMommsen,

87 2228 188 2270 Berolini
197 2228 257 2280 apud
265 2227 425 2269 Weidmannos
432 2227 478 2268 MD
503 2226 645 2269 CCLXXVII
655 2225 846 2279 p.53:11113,1.
