2118 4186
75 583 197 642 stiuam
209 582 397 642 reformare.
420 583 515 656 Veni,
532 584 680 659 piissima
695 585 835 658 domina,

76 698 153 740 cum
176 697 261 739 nova
277 679 402 742 Christi
424 681 525 756 gratia
545 692 577 741 et
592 681 751 742 iacentem
768 699 835 742 ser-

76 795 155 838 vum
172 787 264 837 tuum
281 777 369 854 erige
384 778 517 838 dextera
532 788 586 840 tua
600 790 720 839 sancta.
741 781 836 854 Veni,

76 877 183 935 electa
205 885 309 935 mater
331 876 409 950 Dei,
438 887 470 938 et
492 877 620 937 solitam
643 888 717 938 tuae
739 879 836 938 mise-

76 972 215 1030 rationis
238 972 416 1047 largitatem
440 974 518 1033 mihi
543 977 668 1051 revela,
690 977 779 1052 quia,
802 987 859 1036 urs

77 1070 206 1144 cerniS,
237 1070 275 1129 ad
305 1069 444 1130 nihilum
475 1072 625 1132 redactus
654 1092 746 1133 sum:
778 1075 835 1133 sed

76 1167 124 1227 tui
158 1167 278 1226 oblitus
309 1185 374 1228 non
405 1185 477 1227 sum
509 1186 570 1228 nec
600 1171 774 1231 obliviscar
802 1172 835 1231 in

76 1276 260 1326 aeternum.
303 1266 386 1325 Veni
418 1283 511 1342 ergo,
539 1268 632 1342 veni,
661 1285 737 1344 spes
764 1285 836 1328 mea

76 1373 111 1424 et
133 1364 287 1439 gaudium
304 1381 424 1438 meum,
446 1365 563 1425 dilecta
578 1375 610 1424 et
625 1366 730 1426 dulcis
745 1367 835 1442 virgo

77 1461 202 1521 Maria:
231 1462 308 1537 quia
334 1472 364 1522 te
387 1462 540 1522 veniente
567 1472 598 1522 et
620 1480 748 1523 mecum
769 1482 836 1524 ser·
848 1481 872 1521 ιο

77 1559 266 1619 mocinante
296 1560 404 1620 omnia
433 1560 554 1636 pariter
581 1562 665 1620 bona
692 1563 836 1637 venient,

78 1659 165 1716 mala
196 1665 304 1716 autem
336 1658 465 1734 longius
501 1657 581 1717 foris
617 1660 756 1720 stabunt.
806 1660 834 1722 O

77 1772 177 1831 quam
202 1755 434 1831 desiderabile,
462 1773 558 1832 quam
582 1756 697 1832 ingens
719 1766 751 1816 et
773 1758 836 1816 lae-

78 1853 178 1915 tabile
210 1853 289 1913 mihi
322 1853 383 1915 erit
413 1854 525 1914 audire
556 1854 691 1913 verbum
724 1855 836 1916 matris

80 1950 215 2011 Domini
252 1951 315 2010 mei
349 1952 422 2011 Iesu
455 1950 591 2012 Christi.
643 1951 708 2010 Sed
741 1952 835 2028 quale
848 1971 872 2011 15

78 2050 246 2110 verbum?
287 2050 432 2110 Verbum
462 2049 574 2126 utique
603 2049 710 2125 pium,
741 2050 836 2110 dulce

78 2149 159 2208 satis
189 2157 221 2207 et
249 2148 406 2208 amicum:
436 2149 522 2224 quod
545 2147 667 2207 audivit
689 2148 836 2207 beatissi-

77 2263 154 2305 mus
185 2245 353 2320 apostolus
383 2245 545 2305 lohannes
576 2263 594 2303 a
625 2245 743 2305 dilecto
775 2244 836 2304 sibi

78 2343 254 2419 magistro,
290 2343 356 2402 filio
392 2353 465 2418 tuo,
495 2327 629 2418 ¹quando
665 2345 711 2404 illi
748 2344 836 2404 dixit.

81 2441 166 2500 Ecce
189 2450 292 2500 mater
314 2451 376 2500 tua.
417 2441 489 2500 Hoc
512 2441 566 2500 ille
588 2442 711 2501 audivit
733 2459 751 2500 a
774 2443 873 2501 Do-20

80 2539 187 2613 mino,
217 2540 274 2599 sed
304 2556 363 2614 ego
393 2539 478 2598 idem
508 2548 583 2614 peto
612 2539 723 2598 audire
752 2556 770 2597 a
796 2549 838 2613 te,

79 2637 213 2696 domina
250 2653 339 2711 mea,
375 2636 407 2695 in
445 2636 560 2712 spiritu
597 2645 629 2694 et
665 2636 838 2696 devotione

81 2734 212 2794 mentis,
246 2734 306 2793 Dic
329 2751 406 2811 ergo
429 2733 519 2793 mihi.
552 2734 635 2792 Ecce
651 2743 753 2792 mater
768 2743 838 2793 tua:

81 2849 159 2893 ecce
182 2849 241 2907 ego
264 2849 347 2891 sum.
391 2830 441 2891 Ad
463 2833 547 2890 hanc
569 2831 835 2907 benignissimam

80 2947 196 2990 vocem
230 2939 317 2988 tuam
349 2931 593 2989 reconvalescat
624 2930 731 2988 anima
767 2946 874 2989 meazs

81 3029 285 3102 laeteturque
308 3043 416 3086 coram
440 3037 486 3101 te,
515 3026 599 3086 sicut
621 3027 732 3087 laetari
755 3029 839 3088 solet

81 3125 170 3186 filius
199 3125 331 3185 inventa
357 3134 550 3184 matresua.
595 3125 712 3201 Intret,
741 3126 838 3185 intret

81 3222 262 3282 amicabilis
291 3239 354 3281 vox
376 3223 438 3282 ista
459 3222 492 3282 in
515 3239 611 3282 aures
634 3224 741 3283 cordis
763 3223 839 3297 mei,

81 3330 114 3379 et
136 3337 176 3379 ex
198 3319 290 3379 suavi
314 3319 512 3396 alloquentia
534 3320 600 3380 oris
616 3321 662 3380 tui
678 3321 775 3380 simul
791 3321 838 3379 in-

82 3418 160 3477 fluat
181 3417 337 3493 spiritalis
359 3418 517 3493 quaedam
541 3417 719 3477 consolatio
739 3417 874 3492 Spiri-so

81 3525 134 3574 tus
166 3515 278 3575 sancti.
323 3515 435 3575 Sumat
464 3532 520 3575 cor
548 3532 656 3575 meum
687 3515 836 3575 fiduciam

440 3621 482 3661 aea
