2128 4190
210 433 251 486 ns
269 433 441 485 [sermones
454 404 776 477 oeV1rxerrxss10xe
789 435 915 490 oouuu]
932 437 972 489 ω

211 567 365 627 absolvit:
388 577 420 628 et
440 568 526 629 inter
549 567 745 629 christianos
760 569 868 645 ipsum
884 570 970 647 prio·

211 681 279 724 rern
295 664 328 724 in
345 665 530 742 paradisum
546 665 734 727 introduxit.
757 667 876 728 Dicant
891 685 969 745 ergo

209 771 317 838 grates
333 762 468 825 Christo
490 780 607 824 omnes
629 763 743 824 fideles
765 764 860 842 signo
875 782 969 825 sanc·

209 869 260 920 tae
282 860 391 920 crucis
416 861 550 938 signati3
578 861 702 922 Christi
728 861 887 938 sanguine
910 863 967 922 loti
1056 868 1059 938 ᾖ

185 967 240 1018 set
269 957 432 1034 mundati,
461 958 586 1020 Christi
614 960 767 1037 passione
790 960 968 1037 redempti;

209 1056 334 1117 Christi
361 1067 465 1117 morte
487 1057 651 1133 vivificati,
675 1058 800 1121 Christi
823 1059 968 1119 vulneri·

207 1154 268 1214 bus
303 1154 426 1214 sanati:
462 1154 589 1216 Christi
620 1156 788 1216 doloribus
819 1155 967 1232 mitigati,

208 1250 333 1311 Christi
365 1252 549 1328 obprobriis
580 1252 795 1313 honorificati.
848 1253 967 1313 Dicant

207 1363 322 1408 omnes
344 1349 452 1409 dicant
474 1350 594 1426 singuli
610 1351 728 1411 devoto
744 1349 843 1410 corde
860 1359 894 1410 et
908 1367 966 1411 ore

172 1462 352 1508 roconsono
374 1446 413 1506 ad
436 1447 594 1506 honorem
620 1446 796 1522 Crucifixi,
824 1447 864 1506 ad
890 1463 965 1507 con·

207 1543 369 1604 fusionem
393 1544 530 1620 diaboli,
558 1544 597 1605 ad
620 1545 849 1605 exaltationem
872 1561 966 1604 sanc·

171 1647 174 1654 ⁴
205 1651 256 1701 tae
271 1641 396 1702 crucis:
416 1641 455 1701 ad
471 1643 735 1718 consequendam
751 1658 844 1718 spem
860 1651 965 1702 aeter·

204 1755 266 1798 nae
277 1739 402 1815 salutis,
417 1739 456 1798 ad
469 1740 650 1799 habendam
667 1739 793 1800 lirmam
809 1738 963 1799 fiduciam

204 1836 237 1896 in
260 1838 341 1898 hora
362 1837 493 1914 mortis3
522 1837 647 1913 dicant,
675 1837 799 1913 legant,
821 1846 964 1912 cantent,

171 1959 194 1999 rs
204 1945 377 2010 resonent,
413 1935 572 2012 cogitent,
604 1945 636 1996 et
666 1934 833 1995 ruminent
863 1934 964 1994 verba

204 2033 413 2108 suavissima,
440 2043 471 2093 et
499 2050 577 2093 vere
608 2032 833 2093 sanctissima:
865 2041 963 2109 atque

169 2181 172 2190 r
203 2148 304 2208 super
338 2132 448 2191 omnia
482 2140 626 2191 aromata
661 2131 731 2190 Deo
766 2129 962 2206 gratissima.

204 2230 273 2290 Nos
295 2238 403 2289 autem
425 2228 556 2304 gloriari
579 2237 706 2304 oportet
727 2228 760 2287 in
782 2244 880 2288 cruce
897 2229 962 2288 Do-

203 2327 282 2387 mini
305 2326 408 2387 nostri
432 2327 507 2386 lesu
531 2325 668 2386 Christi.

165 2445 192 2485 ao
243 2423 332 2484 Felix
348 2423 455 2485 anima
470 2422 522 2483 cui
543 2423 587 2482 ad
609 2440 674 2483 cor
696 2423 837 2484 transit
859 2440 961 2484 acer-

202 2522 377 2582 bissima
398 2521 540 2598 passio
564 2520 746 2581 Christi:
768 2529 807 2580 et
829 2520 869 2579 in
892 2520 962 2579 illa

201 2619 347 2680 cotidie
363 2637 403 2680 se
419 2629 590 2694 exercet,
604 2619 800 2694 meditando,
811 2618 961 2694 legendo,

201 2719 332 2778 orando.
369 2719 470 2778 Beata
492 2733 574 2793 quae
597 2733 728 2777 crucem
751 2731 843 2775 suam
866 2714 961 2790 tollit,

200 2815 352 2875 omnibus
381 2814 522 2875 terrenis
551 2813 784 2888 renuntiand03
810 2823 843 2873 et
867 2812 961 2890 quid·

163 2913 278 2990 asquid
299 2912 506 2972 adversitatis
527 2911 588 2972 sibi
612 2911 727 2971 intus
755 2910 820 2970 vel
851 2909 960 2970 loris

199 3010 357 3070 occurrit:
389 3011 451 3070 hoc
480 3019 610 3070 toturn
640 3009 871 3085 patienter
900 3026 959 3086 pro

200 3107 335 3169 Christo
353 3109 494 3169 sustinet
515 3117 555 3168 et
576 3116 697 3167 tacet.
729 3106 812 3167 Nam
828 3108 892 3166 hoc
907 3119 960 3168 est

198 3205 375 3281 gloriari
404 3205 445 3266 in
475 3221 616 3279 cruce,
642 3209 774 3279 propter
796 3202 958 3264 Christum

199 3303 232 3362 in
254 3302 462 3363 tribulatione
481 3301 640 3376 gaudem
661 3317 682 3360 o
703 3299 828 3361 deliciis
849 3301 959 3362 cornis

161 3399 373 3471 mahumete,
403 3402 538 3460 honores
558 3401 688 3475 fugere,
716 3397 881 3473 proprium
904 3415 958 3460 vo·
1056 3461 1057 3472 p

199 3499 355 3558 luntotem
378 3498 574 3572 relinquere:
595 3501 627 3556 et
648 3511 750 3571 usque
766 3494 957 3556 admonent
1056 3479 1057 3514 ³

559 3602 597 3644 raa
883 3601 887 3608 ·
