2114 4168
1011 358 1016 401 t

229 442 349 494 means
377 441 551 484 ouationes
568 443 606 484 oe
621 442 697 486 nius
713 442 840 486 saneris
867 445 992 498 trem
1012 408 1035 503 'ru

230 586 376 636 vocatam
405 576 485 636 mihi
514 577 597 653 elegi
620 594 707 636 nunc
736 585 767 637 et
798 588 872 653 post
903 579 991 638 hanc
1013 536 1035 646 *lp

230 673 327 733 vitam
350 673 388 732 ad
410 674 573 734 benedicti
605 673 660 733 filii
691 673 737 733 tui
761 675 835 735 lesu
859 675 991 737 Christi

229 771 364 846 gloriam
387 771 646 846 promerendam.
690 770 806 832 Amen.

1028 904 1035 942 l

264 1005 516 1068 ortationes
540 1007 596 1066 os
619 1006 732 1068 nens
756 1005 958 1069 saneris,

207 1181 221 1221 5
586 1175 629 1224 XI.

303 1299 413 1360 Oratio
435 1301 474 1359 de
495 1300 620 1360 eximiis
640 1301 811 1360 virtutibus
832 1301 919 1360 beati

432 1397 586 1457 Iohannis
608 1399 784 1472 Baptistae.
1034 1399 1035 1410 ¹

1026 1499 1035 1529 „l

228 1501 349 1722 Q
373 1546 586 1619 Sanctissime
609 1569 640 1620 et
660 1559 922 1634 praeclarissime
940 1561 990 1619 10-

232 1677 259 1720 rs
372 1658 499 1717 hannes
521 1656 680 1732 Baptista,
706 1657 860 1733 specialis
882 1659 989 1718 amice
1033 1689 1035 1727 ς

196 1769 220 1810 10
231 1755 304 1814 lesu
332 1754 473 1829 Christi,
503 1755 694 1815 fidelissime
722 1772 839 1831 praeco
863 1757 926 1816 Dei
958 1768 990 1816 et
1028 1785 1035 1825 t

229 1853 437 1928 acceptabilis
453 1869 647 1929 praecursor
662 1853 805 1928 Domini,
821 1870 840 1911 o
856 1870 989 1914 summe
1033 1917 1035 1921 ,

229 1949 415 2009 venerande
449 1959 481 2008 et
511 1967 642 2027 semper
672 1952 808 2010 amande
839 1961 989 2026 patrone,
1034 1983 1035 2019 1

229 2064 366 2123 magnus
395 2057 426 2106 et
448 2048 599 2108 excelsus
621 2048 654 2107 in
677 2048 846 2108 latitudine
868 2059 988 2123 terrae,
1032 2079 1035 2132 ς

229 2145 287 2204 sed
316 2144 419 2204 maior
447 2145 479 2204 in
502 2145 670 2206 altitudine
693 2146 791 2221 caeli,
819 2146 874 2205 ubi
898 2164 988 2206 nunc
1033 2173 1035 2215 t

196 2259 219 2298 ts
229 2243 313 2302 inter
335 2259 482 2302 summos
503 2253 635 2303 sanctos
656 2245 730 2303 luce
750 2243 878 2303 clariori
894 2261 987 2319 prae·
1034 2277 1035 2302 t

230 2341 334 2417 fulges
363 2350 395 2400 et
423 2341 547 2400 honore
579 2340 723 2417 speciali.
766 2339 813 2400 Tu
843 2358 987 2418 namque

229 2437 374 2497 omnium
390 2439 621 2514 prophetarum
638 2438 778 2498 eximius
793 2448 885 2498 vates
901 2439 986 2514 prio-

228 2551 281 2594 res
292 2535 491 2610 patriarchas
507 2546 539 2594 et
549 2537 725 2611 prophetas
741 2545 813 2596 ortu
827 2536 986 2613 temporis
1031 2565 1032 2568 ¹

228 2642 361 2692 secutus
384 2650 430 2708 es,
452 2634 509 2693 sed
532 2633 689 2692 virtutum
712 2632 825 2692 iubare
841 2643 873 2693 et
890 2634 986 2694 meri·

192 2738 332 2788 rotorum
349 2730 451 2807 gloria
467 2729 687 2806 praecessisti.
710 2729 878 2806 Siquidem
896 2732 985 2791 velut

228 2826 379 2887 caelestis
401 2827 532 2903 quidam
555 2827 672 2887 lucifer
692 2845 711 2886 a
726 2828 796 2888 Deo
813 2829 936 2889 missus
952 2829 984 2888 in

228 2925 385 2983 mundum
397 2935 429 2984 et
440 2924 563 2984 aeterni
576 2925 674 3001 Regis
690 2925 792 2985 nostri
808 2925 984 2985 adventum

122 3013 123 3018 ’
228 3022 397 3097 solemque
426 3022 568 3082 iustitiae
598 3023 630 3081 in
660 3023 805 3083 tenebris
835 3033 984 3082 exortum

228 3119 352 3179 actibus
381 3118 584 3179 mirabilibus
605 3130 638 3179 et
660 3120 769 3179 verbis
792 3120 855 3180 lide
878 3121 985 3197 dignis
1034 3139 1035 3144 ¹

191 3234 218 3275 25
228 3205 471 3292 praenuntiasti.
503 3216 551 3277 Tu
574 3219 612 3276 ab
635 3218 749 3294 angelo
773 3217 929 3278 Gabriele
951 3218 984 3277 in

227 3315 348 3390 templo
371 3315 432 3373 Dei
462 3315 672 3375 annuntiatus
694 3333 747 3390 es,
778 3326 812 3374 tu
835 3315 867 3374 in
891 3325 984 3375 utero

228 3411 464 3488 sanctificatus,
493 3422 527 3472 tu
551 3412 671 3488 Spiritu
699 3423 812 3472 sancto
839 3413 984 3488 repletus

229 3517 260 3566 et
294 3509 333 3567 ad
369 3525 483 3568 vocem
520 3509 683 3586 loquentis
713 3510 889 3586 genetricis
921 3511 982 3570 Dei

588 3615 627 3654 aas
