2114 4168
220 468 339 521 (sm
367 466 541 509 ORATIONES
558 467 596 509 DE
611 466 687 510 nulls
703 467 831 510 SANCTIS
857 469 984 521 ffiffl
1049 503 1050 522 ,

221 601 407 678 praeclarus
431 601 502 661 iure
530 601 719 678 appellaris:
749 601 776 660 si
799 601 886 661 inter
914 601 983 660 vir·

220 699 324 776 gines‚
339 709 372 759 tu
383 700 475 775 virgo
486 699 693 775 purissimuS,
703 699 841 775 virginis
852 700 983 775 legatus
1049 721 1050 738 ¹

221 808 253 858 et
266 807 422 874 cognatus
437 796 580 872 legitime
596 798 834 873 comprobaris:
853 798 880 857 si
893 798 983 858 inter

221 896 400 955 monachos
422 905 454 954 et
476 894 639 968 eremitas,
661 905 694 954 tu
718 895 856 954 devotus
874 893 981 954 eremi

197 993 326 1052 scultor
347 1009 383 1051 ac
406 993 640 1052 monachorum
663 1002 796 1052 sanctus
811 992 983 1053 institutor
1049 1053 1050 1060 ,

221 1091 474 1152 demonstraris:
517 1092 544 1151 si
585 1092 670 1151 inter
710 1092 904 1152 innocentes
949 1101 982 1150 et

221 1205 337 1264 puros,
363 1188 570 1249 innocentior
598 1199 630 1249 et
658 1190 771 1266 purior
799 1191 898 1249 homo
919 1188 980 1248 tibi

221 1286 338 1346 similis
360 1303 425 1346 non
448 1296 498 1346 est
520 1287 691 1347 inventus:
714 1287 742 1346 si
759 1287 844 1346 inter
866 1285 980 1361 paeni-

221 1393 327 1444 tentes
349 1395 381 1444 et
402 1384 617 1460 abstinentes,
646 1397 680 1445 tu
710 1393 846 1444 cunctos
867 1382 980 1459 paeni·
1049 1379 1050 1390 ¹

187 1481 389 1541 lotentiarios
411 1482 599 1542 austeritate
621 1481 706 1541 vitae
735 1491 768 1540 et
789 1480 980 1540 sinceritate
1049 1543 1050 1552 ,

221 1580 441 1640 conscientiae
463 1578 642 1655 praecedis.

262 1677 290 1739 O
314 1677 419 1738 virum
443 1677 704 1750 sanctissimum,
733 1692 833 1751 super
860 1691 980 1734 omnes
1049 1687 1050 1690 ’

221 1786 252 1836 et
283 1776 316 1835 in
348 1775 500 1835 omnibus
531 1774 742 1849 laudabilem,
776 1774 847 1833 Deo
879 1772 980 1832 caris·

221 1873 358 1948 simum,
384 1872 508 1949 angelis
530 1871 760 1949 acceptabilem
784 1882 816 1931 et
838 1870 979 1931 homini-

187 1971 281 2030 rsbus
310 1971 403 2030 valde
432 1969 614 2030 amabilem.
664 1970 693 2031 Ο
722 1970 841 2028 ardens
870 1978 902 2028 et
930 1970 978 2027 lu·

221 2085 300 2128 cens
331 2069 464 2127 lucerna
499 2067 731 2144 omnipotentis
763 2066 823 2126 Dei
856 2077 976 2126 terram

221 2165 419 2240 illuminans,
441 2165 567 2225 caelum
583 2164 772 2240 laetificans,
787 2173 978 2241 peccatores
1049 2197 1050 2206 κ

221 2274 437 2338 convertens,
472 2263 578 2322 iustos
614 2279 832 2336 conservans,
869 2262 978 2336 lapsos

221 2362 368 2439 erigens,
395 2371 518 2421 stantes
541 2361 699 2420 roborans
721 2376 904 2435 omnesque
926 2377 978 2434 pa·
1049 2421 1050 2442 ἢ

185 2459 300 2519 soriter
321 2459 359 2518 ad
376 2458 482 2518 Deum
506 2459 639 2518 trahens
661 2467 758 2533 atque
780 2457 813 2515 in
836 2456 978 2516 caeleste

222 2572 357 2631 regnum
369 2556 548 2631 perducere
560 2554 727 2615 affectans.
746 2554 833 2629 Esto,
845 2571 978 2629 quaeso,

221 2652 274 2730 pie
301 2669 427 2712 memor
453 2652 516 2712 mei
540 2661 572 2711 et
593 2651 659 2711 tuis
681 2651 803 2711 sanctis
824 2651 978 2727 precibus

221 2751 305 2827 apud
328 2749 509 2809 districtum
532 2749 673 2809 iudicem
697 2748 842 2808 omnium
866 2765 977 2824 pecca·

221 2859 328 2908 torum
358 2847 437 2908 mihi
465 2847 698 2925 indulgentiam
721 2847 860 2923 impetra
882 2857 977 2923 atque

185 2946 377 3025 asyirtutum
392 2946 539 3022 germina
560 2945 594 3004 in
616 2963 669 3005 me
691 2954 800 3021 satage
815 2945 977 3020 plantare:

222 3055 383 3121 quatenus
403 3044 558 3105 liberatus
573 3043 694 3104 avitiis
710 3043 863 3116 omnibus
879 3041 978 3119 Spiri-

221 3153 274 3203 tus
297 3142 399 3202 sancti
422 3142 576 3202 unctione
599 3140 723 3201 efficiar
741 3140 859 3216 dignus
881 3151 976 3216 atque

222 3251 295 3316 post
310 3240 408 3300 huius
424 3238 536 3299 mundi
548 3237 637 3297 varia
651 3236 842 3297 discrimina
856 3238 897 3296 ad
908 3254 977 3312 per-

222 3349 339 3414 petuae
356 3336 566 3396 beatitudinis
588 3345 716 3411 portum
732 3345 764 3394 te
780 3334 976 3410 suffragante

186 3453 350 3496 somerear
372 3436 482 3493 salvus
503 3431 686 3508 pervenire.
720 3431 865 3492 Subveni
889 3433 977 3508 mihi,

224 3548 339 3606 precor
352 3531 480 3604 obnixe,
491 3531 641 3589 columna
652 3530 804 3605 praesidii
817 3530 977 3605 caelestis,

581 3635 622 3676 372
