2122 4196
36 467 79 516 sp:
107 464 296 508 mantnano
314 466 351 508 DE
368 465 598 508 INCARNATIONE
614 465 737 509 CHRISTI
771 467 811 518 Lf&

37 597 226 660 Traianum
238 599 478 677 imperatorem.
497 599 810 678 QuisinquitGrae-

38 712 176 771 corum,
199 705 287 758 tanta
302 698 455 758 toleraret
469 714 528 773 pro
544 698 614 758 Deo
630 699 718 758 suo?
754 697 811 757 Eia

39 809 146 870 quam
178 795 320 855 maxime
349 796 443 856 decet
472 812 547 856 eum
576 796 742 871 venerari,
774 813 810 855 ac

39 891 180 951 devotis
211 892 344 952 laudum
376 892 560 968 praeconiis
589 893 709 970 ubique
739 911 810 968 pro-

40 989 162 1066 sequi:
188 990 244 1066 qui
268 991 353 1050 inter
368 999 414 1051 tot
429 1000 665 1051 tormentorum
680 1007 833 1067 generas

41 1104 231 1164 numquam
255 1089 293 1148 ab
317 1088 524 1148 invocatione
548 1086 730 1148 dulcissimi
754 1103 810 1147 no-

42 1185 150 1246 minis
174 1187 222 1246 tui
247 1187 388 1247 Domine
411 1186 485 1246 lesu
508 1186 626 1262 legitur
651 1202 810 1246 cessasse.

43 1282 159 1359 Super
183 1300 247 1359 quo
270 1284 449 1361 requisitus
473 1284 525 1344 ait.
569 1284 641 1344 Hoc
664 1300 810 1343 nomen

43 1382 158 1442 cordi
176 1381 810 1459 meoinscriptumhabeozetideoab
874 1411 878 1416 ·

44 1479 122 1539 eius
138 1480 408 1540 nominatione
426 1496 583 1540 cessare
599 1497 673 1539 non
689 1480 809 1540 valeo.
823 1498 846 1537 ro

45 1576 149 1654 Quod
171 1587 285 1653 postea
306 1580 344 1638 ab
368 1579 439 1638 eius
462 1594 598 1652 corpore
621 1587 810 1652 extractum,

45 1686 149 1752 atque
165 1692 226 1751 per
240 1676 384 1736 medium
401 1677 559 1736 scissum:
575 1674 744 1736 inventum
761 1686 811 1735 est

46 1775 228 1850 habuisse,
255 1776 348 1836 lesus
372 1775 527 1837 Christus
556 1773 665 1835 aureis
694 1773 810 1833 litteris

47 1873 258 1948 inscriptum.
295 1873 324 1934 Ο
347 1875 432 1934 bone
456 1874 530 1934 Iesu
553 1889 650 1949 quam
673 1871 810 1931 amabile

49 1981 83 2030 et
106 1971 288 2031 iucundum
311 1982 361 2033 est
382 1988 502 2032 nomen
525 1981 633 2032 tuum:
658 1969 690 2029 in
714 1969 847 2028 corders

49 2077 83 2127 te
113 2067 328 2144 diligentium.
372 2068 400 2131 O
431 2087 527 2146 quam
557 2084 686 2128 summe
714 2067 811 2127 etiam

50 2165 134 2226 mihi
165 2167 353 2226 necessaria
381 2177 431 2228 est
463 2167 619 2243 frequens
650 2165 812 2226 invocatio

50 2261 203 2323 melliflui
233 2264 376 2324 nominis
405 2264 468 2325 tui:
499 2264 585 2323 inter
612 2273 676 2324 tam
706 2263 813 2324 multi-

52 2360 151 2420 moda
167 2369 398 2436 temptamenta
413 2361 568 2421 versanti.
599 2361 740 2437 Dignare
756 2361 812 2437 igi·

51 2469 106 2519 tur
139 2458 281 2519 Domine
317 2460 391 2520 Iesu
428 2459 655 2519 dulcissimum
691 2474 849 2517 nomenao

51 2565 147 2614 tuum
184 2563 348 2632 tamquam
387 2557 577 2617 memoriale
618 2566 810 2632 perpetuum

52 2653 145 2713 cordi
169 2670 243 2713 meo
266 2654 447 2716 inscribere
456 2674 464 2731 ;
494 2665 611 2716 ettam
642 2653 716 2714 forti
741 2654 812 2713 zelo

53 2750 201 2811 caritatis
223 2752 302 2812 illud
324 2753 485 2814 accende:
514 2752 600 2829 quod
623 2769 684 2811 nec
709 2751 812 2812 tristia

53 2865 116 2908 nec
140 2850 223 2909 laeta
245 2867 297 2910 me
320 2861 440 2927 queant
462 2851 500 2910 ab
516 2866 627 2910 amore
643 2859 698 2910 tuo
721 2866 811 2926 sepa·

53 2964 138 3007 rare.
821 2964 848 3004 25

94 3044 928 3106 Perhibentetiamvenerabilesconlessoresconfus-

54 3153 154 3218 atque
176 3142 344 3219 doctores,
373 3143 475 3221 gestis
498 3153 529 3203 et
553 3142 710 3202 doctrinis
732 3143 812 3216 suis,
837 3124 915 3156 ⁵⁰⁸⁵

55 3240 158 3299 multa
174 3240 346 3301 laudabilia
361 3240 549 3302 testimonia
570 3240 638 3299 tibi.
664 3240 706 3299 Hi
724 3239 811 3300 enim

55 3337 196 3414 suntqui
209 3355 245 3398 se
257 3355 385 3399 murum
397 3355 455 3415 pro
467 3337 607 3398 ecclesia
618 3349 811 3414 posuerunt:

57 3445 88 3494 et
111 3435 311 3496 fortissimos
340 3445 452 3496 contra
476 3435 715 3495 haereticorum
741 3453 849 3496 ver-ao

57 3533 158 3593 sutias
181 3533 302 3592 dedere
325 3533 466 3593 latratus.

422 3637 449 3678 la
