2128 4190
221 443 261 494 Εἰς
279 442 452 494 [SERMONES
464 443 503 484 DE
513 443 580 486 VlTA
591 443 626 486 ΕΤ
638 443 786 486 Passlottfi
799 442 923 497 DOllllNl]
939 443 979 495 ἴς)

223 577 311 636 omni
334 578 406 637 loco
422 586 454 637 et
467 587 614 653 tempore
630 578 673 637 ad
689 577 977 654 beneplacitum

223 675 302 735 Dei.
326 675 536 752 Quicumque
551 675 638 735 enim
655 692 691 735 se
702 675 813 735 mitem
825 685 857 736 et
871 675 979 735 humi·
1054 716 1055 720 ,

221 773 286 833 lem
302 772 387 832 inter
402 772 519 832 iratres
534 789 614 831 suos
628 771 826 832 exhibuerit:
841 780 873 831 et
883 771 977 848 quasi

222 870 334 930 rudem
358 870 486 930 asinum
510 879 541 930 et
562 869 711 930 inutilem
727 887 858 930 servum
875 887 912 930 se
929 887 978 930 re·

198 970 382 1046 sputaverit
404 978 536 1045 propter
554 968 686 1046 aliquod
707 968 833 1043 vitium,
854 977 909 1028 aut
931 968 978 1027 in-

221 1066 434 1142 eptitudinem
449 1083 546 1143 quam
563 1066 595 1126 in
611 1084 648 1127 se
663 1065 837 1142 conspicit;
852 1065 906 1125 hic
919 1083 978 1142 per

221 1163 345 1224 humile
358 1164 481 1225 sentire
496 1181 592 1223 suum
604 1162 739 1224 Christo
755 1163 857 1240 magis
872 1163 978 1240 placet

221 1272 252 1322 et
273 1262 486 1338 propinquior
508 1262 584 1321 erit:
613 1278 709 1338 quam
732 1263 895 1338 superbus
921 1262 978 1321 ille

222 1361 429 1436 Pharisaeus
451 1359 505 1437 qui
522 1369 685 1436 tamquam
702 1376 807 1436 equus
829 1358 978 1435 turgidus

186 1473 211 1514 ιο
221 1458 260 1518 de
280 1459 366 1518 bono
381 1475 480 1534 opere
496 1475 532 1518 se
548 1458 730 1517 extollebat.
754 1456 979 1517 Excusabilior

219 1555 978 1632 estsimplicitasasinisierrat:quamperversi·

218 1664 267 1714 tas
280 1654 354 1731 equi
367 1652 498 1730 superbi
511 1653 565 1730 qui
575 1652 766 1713 recalcitrat.
785 1652 889 1729 Elegit
899 1669 977 1729 ergo
1054 1668 1060 1731 ζ

219 1751 375 1813 Christus
403 1751 532 1811 asinum
564 1752 603 1811 ad
634 1751 814 1811 sedendum
845 1761 978 1826 propter
1059 1733 1060 1769 ¹

218 1848 694 1909 mansuetudinem:recusavit
705 1865 825 1925 equum
837 1848 893 1924 qui
904 1847 976 1907 hin-

186 1948 304 2008 uniret
325 1957 357 2007 et
378 1946 459 2006 alios
481 1946 654 2006 morderet.
690 1945 744 2006 Sic
767 1945 864 2006 etiam
888 1961 975 2004 nunc

219 2041 975 2121 Christussimplicemethumilemadservien·
1060 2029 1061 2034 ’

219 2144 293 2204 dum
306 2143 367 2202 sibi
379 2142 530 2217 assumit3
541 2153 573 2203 et
583 2142 692 2219 iugum
705 2152 836 2202 sanctae
848 2140 976 2216 religio-

218 2242 270 2302 nis
281 2242 378 2301 dorso
389 2241 462 2300 eius
477 2240 630 2316 imponit:
646 2250 680 2299 ut
695 2256 753 2315 per
768 2239 874 2315 legem
890 2237 976 2297 vitae

218 2349 250 2400 et
265 2338 456 2414 disciplinae
472 2347 561 2397 recto
578 2347 610 2397 et
620 2338 715 2413 plano
730 2336 848 2396 itinere
864 2344 977 2412 pergat

182 2438 250 2498 aoin
275 2438 451 2497 Ierusalem
475 2436 648 2495 caelestem
672 2444 745 2511 post
767 2444 915 2494 mortem.

261 2535 445 2597 Considera
480 2534 588 2611 itaque
624 2533 737 2609 quales
772 2542 976 2608 quantasque
1042 2569 1063 2600 u

220 2633 357 2693 virtutes
379 2632 411 2692 in
435 2633 495 2691 hac
517 2630 729 2707 processione
745 2629 902 2691 Christus
919 2646 977 2689 no·

218 2729 269 2788 bis
291 2746 350 2805 per
371 2746 463 2789 suam
487 2729 720 2789 humanitatem
739 2727 897 2789 ostendit:
920 2727 975 2804 qui

219 2844 293 2886 cum
323 2843 472 2887 summus
501 2835 590 2886 esset
618 2838 651 2885 et
679 2825 771 2886 dives
800 2842 836 2885 ac
860 2835 976 2902 potens
1061 2890 1062 2893 ,

183 2941 209 2982 25
219 2941 319 2999 super
340 2941 455 2984 omnes
478 2932 588 2998 utpote
611 2939 710 2983 verus
733 2924 794 2984 Dei
818 2923 906 2985 lilius
926 2942 977 2985 se·

219 3022 360 3082 cundum
374 3021 594 3096 divinitatem;
609 3037 675 3080 non
691 3031 798 3081 tamen
814 3023 977 3082 excellen-

218 3116 293 3177 tiam
323 3118 501 3179 maiestatis
529 3135 637 3178 coram
660 3119 779 3194 populo
801 3119 979 3179 ostentavit

220 3213 299 3274 foris
314 3232 373 3291 per
388 3225 575 3292 apparatum
592 3216 810 3276 saecularem:
825 3216 884 3275 sed
900 3232 976 3277 cum

218 3312 318 3372 multa
341 3313 523 3374 humilitate
542 3326 573 3375 et
589 3312 849 3387 mansuetudine,
871 3313 911 3373 ad
927 3331 977 3374 re·

181 3410 336 3470 sobellem
367 3409 428 3470 sihi
459 3412 601 3486 perrexit
623 3410 797 3471 civitatem.
840 3409 904 3469 Hic
926 3420 978 3471 est

220 3507 287 3566 Rex
304 3517 415 3566 noster
430 3524 526 3584 quem
545 3508 708 3568 lohannes
726 3507 870 3584 Baptista
885 3525 978 3584 prae·

575 3613 616 3654 254
