2144 4194
222 473 262 524 &3
280 472 453 524 [SERMONES
465 474 504 516 DE
514 472 582 516 vitn
592 473 628 516 ET
639 473 789 516 PASSIONE
801 473 924 528 nomint]
943 476 986 528 k&

222 616 340 667 terram
373 609 455 668 lacte
485 617 518 667 et
548 610 645 668 melle
676 619 880 670 manantem:
916 611 983 670 hoc

222 714 272 765 est
301 706 339 765 ad
368 705 529 766 internam
556 707 748 782 gustandam
776 707 983 768 suavitatem.

223 803 289 879 Ego
318 803 423 880 inquit
452 803 567 862 laciam
596 804 786 880 petitionem
816 815 919 864 tuam:
953 804 983 864 si

221 911 256 960 tu
278 917 384 960 meam
407 900 509 960 lueris
532 909 666 961 secutus
684 902 983 962 conversationem.

198 996 360 1058 sOstendi
377 997 594 1073 paenitentiae
609 997 712 1058 viam:
728 1017 787 1075 per
803 1017 898 1076 quam
914 999 984 1060 itur

221 1095 260 1154 ad
289 1104 453 1154 aeternam
482 1095 627 1171 gloriam.
671 1095 818 1172 Sequere
847 1115 899 1158 me
921 1115 984 1174 per

221 1193 364 1252 laborem
387 1201 420 1252 et
441 1192 701 1253 tribulationem:
730 1193 758 1252 si
781 1192 832 1252 vis
859 1193 983 1254 habere

221 1290 367 1366 requiem
391 1298 422 1350 et
442 1291 709 1351 consolationem.
743 1290 889 1350 Ieiunavi
906 1308 983 1350 esu-

221 1386 292 1462 rivi,
314 1396 489 1463 temptatus
511 1405 584 1448 sum
605 1397 637 1448 et
651 1388 773 1449 restiti:
796 1388 981 1464 contempsi

187 1485 378 1544 inmundum
401 1495 433 1545 et
453 1484 589 1560 gloriam
612 1484 700 1560 eius,
727 1484 791 1545 vici
814 1485 982 1546 diabolum

221 1592 252 1641 et
270 1582 443 1641 consilium
466 1581 555 1657 eius;
578 1591 613 1641 ut
633 1592 666 1641 et
687 1592 721 1642 tu
738 1600 812 1642 meo
827 1585 982 1659 exemplo

221 1679 328 1738 discas
350 1679 510 1754 ieiunare,
532 1679 681 1756 vigilare,
704 1690 736 1741 et
758 1698 862 1757 orare,
885 1698 980 1742 mun·

221 1776 297 1835 dum
320 1785 545 1852 contemnere,
567 1776 694 1836 diabolo
717 1778 889 1854 resistere,
912 1796 983 1838 car·

221 1890 296 1932 nem
319 1873 508 1950 subiugare:
538 1884 570 1932 et
595 1891 701 1951 usque
723 1875 763 1934 ad
785 1887 923 1937 mortem
947 1875 981 1936 in

188 1988 213 2029 15
222 1971 427 2032 oboedientia
449 1987 670 2047 perseverare.
710 1971 742 2032 Si
766 1989 826 2049 ego
849 1990 908 2049 pro
930 1990 982 2032 sa-

224 2070 290 2129 lute
312 2079 367 2129 tua
388 2078 511 2129 tantum
534 2069 687 2144 laboravi,
711 2079 743 2130 et
766 2080 887 2131 tantam
910 2072 983 2130 abs·

224 2167 393 2228 tinentiam
422 2166 549 2243 peregi,
578 2167 632 2242 qui
664 2167 737 2227 sine
768 2178 902 2244 peccato
935 2168 983 2228 lui

225 2276 257 2325 et
278 2264 361 2340 vixi3
389 2275 509 2342 quanto
531 2263 634 2340 magis
655 2273 690 2324 tu
712 2265 768 2341 qui
791 2264 824 2324 in
847 2277 983 2341 peccato

225 2373 320 2422 natus
336 2380 382 2439 ee,
398 2372 429 2423 et
444 2362 567 2438 peccati
584 2362 730 2422 lomitem
747 2363 853 2422 adhuc
869 2364 983 2439 habes,

188 2477 356 2521 acumem
378 2470 465 2521 tuam
488 2461 588 2520 debes
604 2476 779 2535 macerare,
801 2469 833 2520 et
848 2477 982 2521 omnem

223 2558 378 2635 peccandi
408 2558 614 2617 occasionem
641 2558 836 2633 amputare?
880 2557 983 2619 Stude

223 2655 320 2733 igitur
342 2672 399 2732 pro
422 2655 553 2714 modulo
575 2665 630 2715 tuo
652 2654 831 2715 iniunctam
848 2657 983 2732 explere

223 2752 336 2812 ieiunii
363 2752 523 2828 regulam:
553 2752 626 2828 plus
649 2753 832 2812 execrando
855 2752 983 2814 ventris

223 2848 521 2925 concupiscentiam
550 2865 646 2925 quam
674 2857 808 2908 naturae
834 2849 984 2910 necessi·

186 2955 329 3008 25tatem.
382 2947 447 3023 Ego
479 2946 618 3006 libenter
649 2954 863 3022 spontaneam
896 2949 985 3008 obla·

222 3044 343 3104 tionem
359 3054 447 3103 tuam
463 3042 658 3119 suscipiam3
676 3054 707 3103 et
722 3042 798 3104 licet
814 3044 984 3105 modicum

221 3143 262 3202 sit
289 3144 375 3220 quod
402 3142 487 3219 agiS,
516 3141 651 3201 humilis
673 3152 781 3201 tamen
804 3149 837 3199 et
860 3143 985 3202 munda

220 3240 339 3300 oblatio
362 3239 441 3298 mihi
464 3256 595 3314 semper
616 3248 704 3315 grata
726 3236 846 3298 existit.

573 3398 624 3453 82
