2144 4194
204 466 245 517 6)*
263 463 435 516 [SERMONES
447 463 486 504 DE
495 462 563 504 VITA
574 461 609 503 ET
620 459 769 504 Pnsslorlfi
781 459 902 512 DOMINI]
918 460 966 512 K&

206 598 395 658 calcandum
426 598 488 658 iter
515 613 668 673 asperum
697 593 892 671 praeparati:
920 593 965 652 ad

206 695 441 756 ostendendam
489 694 574 754 viam
624 701 801 769 perpetuae
848 690 966 751 salutis

207 794 328 854 mundo
344 793 506 854 destinati.
540 792 594 853 Isti
618 801 695 851 sunt
716 791 817 868 pedes
837 789 967 850 miseri-

208 891 337 951 cordiae
360 901 391 952 et
413 892 555 952 iustitiae
563 909 572 966 ;
594 899 668 949 ante
691 906 774 966 quos
795 887 966 964 procident

184 987 405 1064 allethiopes,
428 989 554 1065 fugient
575 989 769 1049 daemones:
797 997 828 1047 et
854 986 967 1046 adora-

207 1088 287 1147 bunt
309 1104 403 1164 reges
426 1096 457 1147 et
478 1086 653 1163 principes.
695 1084 786 1144 Tunc
808 1084 966 1143 accedent

208 1194 397 1261 peccatores
418 1184 650 1260 paenitentiam
672 1192 823 1260 agentes3
853 1190 885 1241 et
912 1181 967 1241 de·

209 1293 283 1343 vote
294 1300 351 1343 eos
363 1283 605 1343 deosculantes:
621 1280 750 1341 veniam
761 1295 967 1356 consequen·

209 1387 261 1438 tur
283 1389 315 1439 et
335 1378 480 1456 gratiam.

175 1497 199 1538 ro
250 1476 279 1538 Ο
309 1477 446 1537 amande
474 1494 571 1553 puer,
600 1494 664 1537 non
694 1485 818 1536 tantum
848 1475 968 1550 pedes:

118 1586 198 1627 Manus
209 1574 268 1634 sed
290 1584 322 1634 et
344 1591 460 1634 manus
483 1584 515 1634 et
534 1585 630 1651 caput
644 1591 680 1633 ac
697 1583 806 1633 cetera
821 1572 971 1632 membra

136 1647 185 1689 ¹⁰⁵⁸
210 1672 329 1747 praebe
351 1670 430 1731 mihi
454 1671 743 1746 adosculandum,
769 1670 968 1731 benedicen-

211 1770 285 1829 dum
314 1780 346 1829 et
372 1769 577 1829 laudandum.
620 1768 650 1830 Ο
672 1769 913 1845 pulcherrimae
936 1777 970 1826 et

210 1866 446 1927 mundissimae
469 1884 595 1942 manus,
617 1883 695 1927 vere
711 1865 897 1927 tornatiles:
920 1865 969 1923 ni-

176 1978 201 2018 15
211 1964 255 2023 hil
279 1963 481 2040 superfluum
504 1964 556 2024 vel
579 1964 775 2024 diminutum
797 1963 969 2021 habentes.

212 2062 296 2122 Istae
317 2072 394 2122 sunt
415 2078 532 2121 manus
554 2071 628 2121 tuae
645 2061 786 2121 Domine
808 2076 891 2136 quae
914 2075 970 2118 me

212 2160 360 2219 lecerunt
391 2169 422 2219 et
453 2160 714 2235 plasmaverunt:
747 2167 778 2218 et
810 2174 896 2217 nunc
929 2157 970 2215 ad

211 2258 425 2334 reparandum
442 2275 495 2318 me
510 2266 681 2318 venerunt.
710 2256 794 2315 Istae
810 2271 862 2314 me
879 2253 971 2312 iuva-

211 2356 291 2415 bunt
321 2355 448 2431 operari
483 2355 639 2415 fideliter:
676 2364 707 2414 et
739 2351 971 2412 confortabunt

175 2464 323 2513 aocontra
338 2453 444 2513 varias
460 2451 688 2528 temptationes
704 2450 850 2510 viriliter.
884 2448 970 2507 Istae

211 2550 440 2610 sustentabunt
462 2566 514 2609 me
536 2549 569 2608 in
590 2549 675 2608 bono
690 2564 732 2607 ne
748 2563 914 2608 corruam:
938 2555 971 2606 et

211 2649 336 2725 erigent
371 2667 389 2708 a
420 2648 504 2707 malo
540 2664 581 2707 ne
613 2647 795 2722 desperem.
848 2645 970 2704 istae

211 2744 467 2804 benedicent
495 2743 720 2819 parvulis:
750 2752 782 2803 et
803 2742 971 2802 donabunt

212 2842 383 2901 sanitatem
412 2841 523 2902 multis
553 2840 702 2900 infirmis.
746 2840 830 2900 istae
857 2848 971 2899 contra

176 2938 376 2998 25diabolum
396 2939 599 3014 pugnabunt:
621 2948 653 2998 et
668 2954 798 2997 omnem
815 2937 968 2996 virtutem

212 3035 284 3095 eius
320 3034 359 3093 ad
390 3035 528 3094 nihilum
560 3035 731 3094 deducent.
781 3035 866 3095 istae
897 3044 970 3110 post

212 3132 333 3191 multos
361 3148 464 3192 annos
495 3133 582 3192 cruci
613 3132 801 3208 alligentur:
831 3142 864 3192 et
892 3141 969 3191 tunc

213 3231 295 3289 latos
323 3229 491 3306 sanguinis
518 3230 606 3290 rivos
628 3230 786 3290 emittent.
829 3230 914 3288 Istae
937 3229 968 3288 in

214 3344 310 3386 cruce
333 3335 486 3386 extensae
509 3344 641 3402 prome
664 3326 909 3403 supplicabunt:
939 3336 969 3386 et

177 3434 420 3500 aopeccatorum
450 3423 529 3483 mihi
558 3424 792 3500 indulgentiam
819 3423 968 3483 vulnera-

214 3532 265 3582 tae
296 3520 523 3597 impetrabunt.
573 3521 657 3581 Istae
688 3530 797 3597 portas
828 3519 967 3596 paradisi

574 3625 612 3666 no
