2122 4196
41 459 76 509 ds&
107 459 278 503 Memmio
294 460 333 502 DE
350 460 582 504 lNCARNATlONE
598 461 723 504 CHRISTI
757 462 797 514 [Q]

43 593 77 652 ad
97 604 128 654 te
151 612 266 654 verum
284 593 412 655 animae
434 595 561 656 lumen:
584 596 618 656 in
640 613 704 672 quo
727 614 795 656 cre-

43 691 152 752 dentes
173 709 234 768 per
263 691 359 753 iidem
389 693 470 753 salvi
497 693 587 754 liunt.
631 694 709 754 Sine
732 694 796 754 lide

44 805 178 865 namque
201 800 233 850 et
255 791 419 867 agnitione
441 791 585 852 nominis
614 793 678 867 tui,
707 793 796 852 nulla

45 904 116 963 spes
130 889 231 949 vitae:
247 889 337 948 nulla
351 889 523 965 acquisitio
540 889 654 948 salutis
670 889 795 948 inveni-

44 996 99 1045 tur.
140 985 188 1046 Tu
211 988 364 1063 equidem
394 988 482 1047 salus
507 997 635 1062 nostra,
664 1004 741 1063 spes
763 996 817 1047 ets

46 1084 218 1160 redemptio
234 1094 361 1145 nostra:
377 1103 474 1161 quem
486 1086 700 1161 expectabant
711 1086 795 1161 prio·

46 1197 93 1240 res
115 1182 233 1257 sancti,
258 1183 312 1260 qui
336 1184 420 1243 hanc
442 1194 636 1258 acceperant
658 1185 795 1259 promis-

46 1279 175 1340 sionem.

83 1377 193 1438 Multis
215 1387 322 1438 autem
352 1396 461 1437 rerum
490 1377 794 1455 significationibus,
826 1403 892 1436 nov-

48 1477 149 1536 multis
165 1487 196 1537 et
212 1476 369 1536 mirandis
385 1476 482 1535 etiam
496 1476 689 1551 visionibus,
705 1478 795 1537 salus
812 1458 903 1544 ⁸3³2?

49 1574 121 1632 lraec
149 1575 188 1634 de
217 1586 248 1633 te
278 1575 440 1649 promissa
471 1574 525 1634 diu
555 1576 735 1650 praecessit
764 1585 795 1636 et
832 1563 885 1596 seo.

49 1672 148 1747 latuit;
169 1673 226 1732 scd
243 1672 406 1732 celebrato
422 1672 656 1733 incarnationis
672 1673 794 1748 passio·

50 1769 157 1846 nisque
179 1771 353 1847 mysterio:
382 1772 463 1831 haec
486 1781 613 1831 secreta
636 1771 795 1846 patefacta

50 1877 169 1927 suntet
192 1868 363 1943 completa.
406 1866 451 1926 Te
482 1868 579 1945 igitur
608 1885 710 1944 agnus
739 1869 794 1928 ille
811 1891 895 1923 roms

50 1966 217 2035 paschalis:
246 1966 302 2042 qui
325 1965 463 2040 singulis
492 1966 586 2025 annis
615 1966 648 2025 in
673 1984 796 2026 memo·
818 1945 893 2030 sgssi-

51 2059 795 2141 riampriscaeliberationisexAegypt0,iussus
833 2052 876 2085 ²¹³·

51 2170 94 2218 est
110 2160 278 2235 immolari,
299 2161 528 2237 praesignavit.
558 2160 603 2221 Te
618 2163 794 2222 vitulorum
811 2185 911 2218 νιτνιο-

52 2266 77 2315 et
102 2259 234 2319 arietum
267 2260 404 2334 oblatio,
435 2269 467 2319 te
497 2260 719 2336 thymiamatis
748 2239 911 2325 in·¹³rvl'⁶rr?>¹.³'

52 2357 167 2417 censio:
189 2367 221 2417 te
243 2357 333 2416 varia
355 2356 591 2416 sacrificiorum
610 2358 795 2429 celebratio,

52 2469 81 2511 ac
101 2457 266 2533 sanguinis
289 2456 402 2514 crebra
424 2455 570 2531 aspersio
601 2453 831 2531 praefigurem

52 2550 97 2609 vit.
134 2552 181 2613 Tu
203 2553 236 2613 in
260 2553 454 2616 candelabro
477 2569 576 2612 aureo
599 2561 724 2628 septem
748 2553 794 2611 lu·
812 2577 905 2609 cluna.

52 2651 148 2710 cemis
169 2661 299 2711 ornato:
323 2661 357 2710 tu
380 2649 413 2709 in
431 2649 584 2725 pontifice
601 2665 716 2725 magno
739 2649 794 2724 qui
810 2630 911 2716 effla

53 2744 79 2804 in
99 2759 205 2809 sancta
227 2759 415 2809 sanctorum
434 2749 536 2809 semel
560 2747 739 2825 ingreditur
761 2747 794 2806 in
835 2737 877 2771 Μ’

53 2859 142 2922 anno,
172 2847 311 2924 mystice
340 2847 568 2924 praesignaris.
618 2845 682 2905 Sed
714 2846 794 2903 haec

54 2944 149 3004 omnia
170 2945 251 3021 legis
267 2944 442 3004 sacrificia:
466 2945 563 3004 unico
586 2942 732 3018 corporis
748 2941 831 3001 tuias

54 3040 199 3101 sacrificio
216 3043 319 3102 semel
336 3042 368 3101 in
382 3059 436 3101 ara
448 3042 555 3101 crucis
566 3041 683 3116 oblato,
699 3041 794 3116 plene

54 3140 285 3199 consummasti.
316 3140 391 3199 ldeo
407 3157 467 3199 nec
484 3140 549 3198 ulla
571 3139 634 3198 iam
658 3140 690 3198 in
711 3140 794 3214 prio-

56 3248 115 3292 rum
143 3237 229 3296 cultu
262 3246 408 3296 remanet
440 3236 579 3296 utilitas:
611 3238 685 3314 quia
718 3236 795 3312 quid

56 3327 101 3389 illa
119 3332 342 3409 significabant
356 3334 525 3394 innotuisti
549 3335 644 3394 nobis
664 3344 795 3394 aeterna

58 3427 170 3490 veritas.
215 3431 379 3508 Leguntur
407 3440 515 3491 autem
545 3442 577 3491 et
604 3449 622 3492 a
645 3431 831 3491 fidelibusso

59 3522 228 3587 doctoribus
257 3528 444 3604 spiritaliter
472 3529 620 3589 discussa
649 3530 687 3589 ad
710 3529 794 3588 aedi·

407 3634 431 3674 rs
