2114 4168
198 409 318 461 &w
345 408 519 452 onnrlonles
536 409 574 450 DE
588 409 665 451 ALIIS
681 408 809 452 SANCTlS
835 409 966 462 ΕΜ

199 553 269 617 tua,
298 553 401 602 mater
423 542 501 617 Dei,
530 553 632 603 mater
661 542 760 617 alma,
789 553 894 603 mater
926 543 963 602 in

199 649 367 700 aeternum
390 639 577 714 benedicta,
598 639 654 699 tibi
678 641 871 716 commissa,
897 639 962 700 tibi
1039 699 1040 722 Ξ

200 737 335 812 credita,
361 737 418 799 tibi
441 738 609 798 associata.
650 736 679 798 Ο
702 737 777 814 quis
798 737 879 798 mihi
903 737 964 796 det
1039 741 1040 746 ’

199 836 295 895 talem
325 835 446 894 habere
475 844 609 895 matrem
640 846 672 895 et
700 836 796 895 talem
820 853 894 895 cum
921 853 963 894 ea

176 932 384 992 scustodem:
415 931 533 1008 quibus
564 941 632 992 tute
662 933 787 992 valeam
819 949 962 1008 pauper·

199 1031 304 1090 culam
331 1029 470 1089 animam
496 1046 600 1089 meam
624 1030 828 1091 committere
850 1039 962 1106 prote·

198 1128 354 1204 gendam‚
376 1144 417 1186 ne
440 1127 472 1187 in
495 1129 575 1187 hora
597 1128 703 1187 exitus
725 1129 881 1188 terribilis
903 1147 961 1189 me

198 1236 377 1302 perterreat
399 1243 535 1286 severus
557 1226 613 1285 ille
628 1226 792 1286 inimicus.
824 1226 961 1288 Obone
1039 1309 1040 1312 Ἴ

199 1334 231 1383 et
253 1323 509 1384 clementissime
533 1324 623 1397 lesu,
646 1332 810 1383 memento
833 1323 897 1383 mei
924 1323 958 1383 in
1039 1333 1040 1342 ’

166 1421 390 1481 ronovissimis
406 1421 499 1495 mela,
515 1430 545 1480 et
561 1421 636 1479 dum
658 1420 737 1480 mihi
754 1421 960 1481 subtrahitur
1039 1415 1040 1452 ³

199 1537 261 1579 vox
284 1519 402 1594 carnis,
424 1528 455 1579 et
477 1519 584 1581 omnis
602 1536 721 1578 sensus
737 1518 856 1594 delicit,
878 1528 958 1579 tunc
1039 1593 1040 1602 ἵ

200 1616 251 1692 pia
276 1634 330 1675 me
357 1617 480 1676 muniat
502 1616 603 1676 oratio
625 1626 699 1676 tuae
722 1615 957 1676 dilectissimae

199 1714 328 1789 matris,
359 1724 391 1773 et
421 1713 504 1772 beati
538 1712 692 1772 Iohannis
723 1713 859 1788 apostoli
893 1714 957 1774 fida

199 1811 346 1871 custodia
367 1810 446 1870 mihi
469 1818 618 1886 potenter
639 1810 778 1871 assistat.
811 1811 868 1871 Eia
889 1829 956 1871 ma-

165 1927 189 1967 15
200 1921 248 1969 ter
274 1909 325 1985 pia
352 1919 384 1968 et
405 1907 592 1967 misericors
615 1907 705 1983 virgo
728 1908 847 1983 Maria,
877 1926 955 1986 rogo
1039 1971 1040 1996 ἶ

201 2020 231 2068 te
254 2024 312 2083 per
341 2007 442 2067 lilium
471 2017 561 2066 tuum
585 2005 792 2065 carissimum
821 2017 853 2066 et
882 2006 955 2067 eius

200 2106 381 2182 apostolum
411 2103 467 2164 tibi
497 2103 530 2161 in
558 2120 655 2162 cruce
682 2104 956 2179 commendatum,

200 2203 336 2264 subveni
378 2202 458 2263 mihi
497 2201 530 2261 in
566 2201 654 2261 omni
691 2203 762 2262 loco
799 2211 831 2262 et
866 2203 956 2276 hora,

199 2301 339 2362 maxime
375 2301 408 2360 in
445 2299 599 2360 extremis
635 2300 836 2377 agonizanti,
872 2317 955 2376 quae

163 2416 190 2455 a»
200 2400 317 2461 dilecto
341 2398 406 2458 lilio
429 2409 484 2458 tuo
507 2398 581 2457 lesu
602 2415 675 2458 cum
698 2399 791 2458 beato
811 2397 955 2458 Iohanne

200 2509 232 2558 et
254 2496 359 2558 Maria
381 2496 574 2573 Magdalena
601 2495 741 2557 astitisti.
785 2494 814 2556 Ο
838 2496 957 2556 dulcis-

200 2596 283 2655 sime
306 2596 469 2655 lohannes
491 2593 654 2669 apostole,
676 2593 822 2652 clemens
845 2603 955 2654 custos

200 2703 232 2754 et
247 2692 353 2753 fidelis
368 2708 499 2768 semper
513 2691 628 2766 amice,
643 2701 775 2767 protege
791 2707 844 2750 me
856 2692 954 2751 armis

200 2791 334 2851 militiae
357 2789 508 2850 caelestis
531 2798 562 2849 et
584 2788 677 2864 signo
699 2797 830 2848 sanctae
849 2789 954 2848 crucis

162 2907 190 2947 25
202 2887 381 2950 Christiani
397 2887 541 2947 nominis
556 2886 724 2946 inimicum
745 2904 763 2945 a
778 2899 953 2963 conspectu

201 3004 274 3047 meo
290 2987 412 3062 repelle
428 3002 546 3062 meque
562 2985 594 3044 in
607 2984 681 3044 lesu
696 2985 829 3044 nomine
846 2985 954 3060 libera,

201 3103 274 3145 cum
297 3084 429 3145 horrida
443 3083 557 3144 mortis
573 3082 693 3160 ingruit
707 3083 797 3142 hora.
827 3081 856 3143 O
873 3083 952 3142 duae

201 3183 370 3259 speciosae
392 3182 497 3241 olivae
519 3197 666 3241 summae
688 3179 817 3257 pietatis
844 3189 876 3239 et
897 3181 952 3240 mi·

201 3280 409 3356 sericordiae‚
431 3296 490 3355 ego
506 3296 559 3339 me
574 3279 693 3339 vestris
713 3278 951 3338 intercessioni·

164 3380 262 3438 sobus
285 3387 316 3436 et
337 3385 513 3452 perpetuae
528 3375 720 3452 protectioni
737 3375 854 3435 devote
870 3393 949 3435 com-

202 3473 338 3547 mendo,
360 3483 394 3532 ut
415 3473 567 3531 omnibus
589 3473 738 3532 hostibus
760 3472 894 3531 remotis
914 3473 948 3532 ad

558 3575 599 3617 ara
