2128 4190
76 442 402 496 mmmm
437 442 481 493 [26]
516 440 836 494 fflwfflfflwffiw

77 577 212 651 diebus,
248 577 367 653 quibus
401 575 435 635 in
471 573 612 634 ecclesia
639 571 837 633 venerabilis

77 675 240 736 memoria
281 673 472 734 Dominicae
514 671 677 749 passionis
717 670 837 748 agitur3

77 791 118 833 ac
149 773 276 850 lugubri
308 781 418 832 mente
449 779 481 830 et
512 770 628 829 devota
659 767 837 829 attentione

77 872 159 931 illuc
194 871 325 930 oculum
362 867 595 945 speculationis
626 865 745 942 dirige:
782 866 836 926 ubi

80 970 191 1029 Iesum
215 969 347 1029 noveris
367 967 400 1027 in
421 965 626 1042 gravioribus
648 963 764 1040 poenis
778 980 859 1039 pros

78 1077 112 1126 te
141 1066 254 1126 fuisse.
297 1065 359 1124 Dic
389 1063 569 1124 affectuose
601 1079 674 1122 cum
707 1078 837 1138 sponsa,

78 1180 209 1223 memor
228 1179 360 1239 semper
374 1161 493 1238 Sponsi
515 1161 562 1221 tui
585 1177 625 1220 ex
640 1176 750 1219 amore
766 1176 838 1219 cru-

78 1260 186 1321 cifixi:
212 1277 271 1337 ego
301 1260 419 1320 dilecto
448 1275 538 1319 meo:
568 1268 599 1318 et
626 1259 665 1318 ad
687 1274 740 1317 me
762 1275 837 1317 con·

78 1357 192 1418 versio
214 1358 295 1418 eius.

81 1561 141 1622 DE
152 1561 322 1622 SEPTEM
335 1561 631 1624 NOTABILIBVS
649 1559 837 1622 PVNCTIS
850 1573 874 1613 ro

81 1657 335 1744 QOGlTnNm
352 1659 408 1720 DE
422 1658 637 1721 PASSIONE
649 1657 837 1720 CHRISTI.

409 1807 512 1872 [xxvi]

80 1885 329 2104 Quantum
351 1949 382 2004 et
399 1945 521 2005 videte:
541 1945 570 2004 si
586 1950 634 2004 est
647 1945 741 2004 dolor
751 1945 838 2004 simi-

217 2042 257 2101 lis
272 2043 357 2102 sicut
376 2043 470 2102 dolor
483 2058 579 2101 meus.
609 2042 715 2118 Super
730 2042 838 2103 omnia

82 2139 146 2199 Dei
157 2138 588 2217 beneficiahumanogeneri
600 2140 838 2217 impensapas-
849 2158 874 2199 15

81 2235 134 2295 sio
157 2235 283 2297 Christi
306 2237 403 2297 altius
425 2237 563 2298 eminet:
593 2249 624 2298 et
647 2239 744 2298 corda
765 2239 839 2314 plus

79 2333 279 2410 compungit.
319 2335 395 2394 ideo
418 2336 457 2395 ad
479 2345 543 2395 tam
566 2353 718 2412 magnum
740 2337 839 2396 bene·

80 2431 192 2490 ficium
223 2433 469 2493 memorandum
492 2450 587 2493 mens
609 2433 763 2510 evigilare
786 2434 839 2494 de·

79 2530 153 2605 bet3
181 2538 309 2589 etcum
332 2547 447 2606 magna
469 2531 577 2591 cordis
601 2531 840 2607 compassione,

78 2627 121 2686 de
144 2626 360 2687 amaritudine
389 2628 553 2702 passionis
575 2627 701 2689 Christi
724 2629 875 2688 seduloao

78 2741 237 2800 pensare:
267 2725 427 2802 quiahoc
449 2735 499 2786 est
522 2727 592 2786 Deo
614 2727 779 2803 placitum,
808 2737 840 2787 et

78 2822 213 2883 salubre
236 2823 397 2900 cogitanti.
439 2824 522 2884 Nam
545 2824 672 2900 singula
694 2825 839 2900 vulnera,

79 2919 299 2980 medicamina
320 2932 397 2981 sunt
417 2922 614 2998 animarum3
636 2931 668 2982 et
684 2922 763 2982 dura
785 2922 839 2982 fla-

76 3018 241 3094 gellorum
257 3018 405 3094 verbera,
427 3019 527 3106 divini
551 3020 672 3080 amoris
694 3030 770 3080 sunt
792 3020 839 3080 in·

77 3116 182 3176 dicia:
215 3127 247 3177 et
277 3126 485 3193 peccatorum
507 3129 693 3178 nostrorum
725 3135 875 3195 purga-25

77 3222 202 3274 menta.
230 3213 412 3290 Oquantas
433 3215 552 3292 gratias
574 3225 689 3277 teneor
704 3216 838 3278 Christo

78 3313 220 3373 reddere
237 3329 294 3388 pro
309 3312 454 3389 quolibet
468 3315 606 3374 verbere
621 3331 658 3374 ac
674 3315 754 3375 duro
770 3318 839 3376 vul-

76 3427 177 3470 nere:
209 3409 348 3486 quaein
371 3427 506 3486 corpore
536 3428 596 3471 suo
626 3413 758 3488 pertulit
780 3430 837 3489 pro

76 3525 133 3568 me
156 3507 213 3567 vili
237 3518 417 3582 peccatore.

441 3613 481 3655 217
