2118 4186
200 425 361 478 manans
396 423 598 466 narnnaarvn
614 422 759 466 nonnoni
797 423 963 476 mm

242 561 280 621 V.
304 541 399 639 Elige
414 570 636 638 paupertatem
652 569 685 620 et
699 558 963 636 simplicitatem3

202 669 234 718 et
249 676 322 719 cum
337 660 450 736 paucis
465 659 512 720 sis
528 668 717 719 contentus:
733 667 765 718 et
779 674 845 717 non
862 657 963 716 facile

203 757 431 818 murmurabis

242 855 297 915 Vl.
321 837 414 933 Fuge
436 854 587 915 homines
605 863 638 914 et
652 853 774 913 saeculi
791 869 963 912 rumores:
1048 912 1049 936 χ

178 953 277 1029 squia
298 970 364 1013 non
386 961 480 1030 potes
497 952 577 1013 satis
593 969 668 1012 esse
684 953 754 1011 Deo
771 960 802 1010 et
818 950 962 1010 homini·

201 1051 273 1125 bus,
295 1051 438 1111 aeternis
460 1061 492 1111 et
513 1049 719 1110 transitoriis.

241 1148 312 1208 Vll.
335 1130 478 1211 Gratias
492 1165 550 1224 age
567 1149 637 1208 Deo
660 1165 791 1224 semper
805 1147 904 1207 corde
928 1157 962 1207 et

201 1263 274 1306 ore:
297 1246 578 1323 qualitercumque
592 1245 650 1306 tibi
672 1246 818 1306 succedit
839 1246 874 1305 in
889 1263 962 1321 gra·
1049 1301 1050 1306 ,

201 1344 331 1404 vamine
353 1354 385 1404 et
400 1345 522 1404 dolore.
555 1345 638 1404 Nam
655 1345 746 1404 Deus
761 1343 871 1404 omnia
885 1360 961 1419 pro·

167 1459 192 1499 ro
201 1442 275 1502 vide
297 1443 465 1519 dispensat
487 1442 520 1501 in
543 1442 681 1502 mundo:
710 1459 788 1502 vero
813 1451 845 1500 et
867 1449 960 1500 recto

201 1538 322 1598 iudicio
345 1539 383 1599 ab
406 1549 549 1600 aeterno.

241 1636 329 1697 VIII.
350 1618 506 1698 Humilia
520 1646 552 1697 te
574 1637 607 1697 in
630 1637 809 1697 omnibus
831 1646 867 1696 et
888 1637 960 1696 sub

201 1735 397 1796 omnibus:
420 1745 451 1795 et
473 1736 655 1796 mereberis
675 1736 810 1812 gratiam
828 1735 868 1795 ab
890 1752 960 1795 om·

201 1833 308 1894 nibus.
361 1833 433 1893 Eris
468 1850 599 1910 quoque
631 1834 702 1894 Deo
735 1840 890 1908 acceptus
926 1842 960 1891 et
1050 1843 1051 1846 ’

168 1952 192 1992 15
201 1931 390 1991 hominibus
405 1931 561 2007 dilectus;
576 1941 608 1991 et
623 1931 771 1991 diabolus
784 1937 844 1991 ate
855 1929 959 2007 fugiet

202 2029 314 2089 citius:
344 2039 475 2105 propter
496 2028 689 2089 humilitatis
711 2027 863 2088 virtutem
894 2027 957 2087 sibi

202 2125 295 2186 valde
317 2126 522 2187 contrariam.

244 2224 297 2283 lx.
321 2205 360 2284 ln
382 2224 470 2284 omni
493 2241 592 2300 opere
609 2224 694 2283 bono
710 2223 831 2284 habeas
852 2223 960 2283 inten-

201 2322 324 2382 tionem
345 2339 459 2398 puram
478 2323 517 2382 ad
532 2322 725 2398 placendum
743 2323 814 2383 Deo
836 2321 892 2398 qui
908 2322 959 2382 in·
1051 2309 1052 2312 ¹

165 2430 332 2497 zospector
360 2431 410 2482 est
439 2421 562 2481 cordis:
595 2431 627 2482 et
657 2420 760 2497 diligit
790 2420 895 2480 iustos
927 2431 960 2480 et

202 2535 311 2595 puros.

242 2617 281 2676 X.
307 2597 515 2677 Karissimos
530 2627 644 2692 reputa
658 2617 782 2677 amicos
803 2625 836 2676 et
852 2625 960 2692 patro·

202 2732 278 2775 nos:
308 2715 363 2791 qui
392 2726 423 2776 te
452 2726 604 2792 premunt
633 2725 664 2775 et
685 2715 879 2791 vituperant.
924 2714 958 2775 Si

202 2813 289 2873 enim
313 2824 401 2874 recte
430 2813 518 2890 sapis
540 2822 572 2872 et
594 2813 800 2873 consideras:
829 2813 958 2872 lucrum

165 2929 192 2970 25
202 2911 278 2971 inde
293 2912 453 2988 acquires.
484 2912 566 2971 Nam
583 2920 720 2986 prosunt
735 2910 791 2971 tibi
808 2910 958 2970 inbono:

202 3010 257 3087 qui
281 3011 402 3070 obsunt
423 3009 456 3069 in
479 3008 574 3068 malo.

243 3108 297 3169 xl.
321 3089 452 3168 Labore
481 3116 513 3167 et
541 3106 653 3166 dolore
682 3123 756 3166 cum
777 3106 901 3183 gemitu
927 3118 958 3168 et

203 3205 279 3266 fletu
302 3205 481 3282 acquiritur
510 3222 646 3281 regnum
670 3204 748 3264 Dei:
775 3204 905 3265 deliciis
927 3216 959 3266 et

202 3302 383 3363 honoribus
404 3303 550 3379 perditur
572 3302 751 3380 paradisus.

165 3419 193 3460 eo
243 3401 314 3461 Xll.
330 3383 495 3476 Magnum
506 3401 627 3460 donum
640 3400 702 3460 Dei
717 3410 769 3461 est
779 3417 958 3477 pauperem

203 3515 278 3558 esse
307 3499 340 3556 in
369 3500 431 3558 hoc
460 3498 582 3558 mundo
611 3508 743 3575 propter
770 3499 958 3561 Christum:

559 3601 599 3642 aro
