2118 4186
69 555 145 615 eius
176 556 377 630 habuerunt3
408 555 467 614 sed
497 553 605 630 potius
637 553 677 614 de
708 553 829 630 magni-

69 653 204 713 licentia
233 653 355 730 gloriae
386 669 466 712 suae
496 651 753 728 gratulabantur:
787 651 830 710 ita

69 761 107 810 ut
129 767 204 811 cum
233 750 350 827 gaudio
378 767 494 827 magno
521 749 554 808 in
577 750 755 810 Ierusalem
781 766 830 808 re-

69 859 289 909 verterentur.
346 848 392 907 lbi
435 847 555 922 pariter
597 847 630 907 in
673 847 829 907 cenaculo

70 946 279 1023 congregati,
314 945 515 1006 orationibus
546 963 582 1005 ac
614 945 853 1006 meditationi-5

70 1047 136 1104 bus
173 1043 295 1104 sanctis
334 1044 531 1104 unanimiter
568 1043 683 1104 intenti
722 1054 829 1103 erant:

71 1154 105 1203 et
141 1143 180 1203 ad
212 1142 346 1218 gratiam
379 1142 520 1218 Spiritus
555 1141 658 1201 sancti
695 1141 831 1200 caelitus

71 1240 136 1300 sibi
159 1240 348 1300 mittendam
371 1240 540 1301 humiliter
561 1257 597 1298 ac
620 1238 757 1298 multum
777 1236 831 1296 de-

71 1339 256 1400 sideranter
291 1355 327 1398 se
359 1339 601 1416 praeparabant.
654 1335 700 1396 Ibi
737 1351 829 1395 cum

74 1436 197 1500 Maria
228 1447 330 1497 matre
362 1435 437 1496 Iesu
471 1443 756 1496 commorantes
789 1433 866 1491 dem

73 1534 200 1594 actibus
224 1545 256 1595 ct
278 1534 435 1595 doctrinis
456 1544 553 1609 atque
575 1530 741 1593 miraculis
762 1529 829 1590 Sal·

73 1633 195 1692 vatoris
227 1633 329 1693 nostri
359 1633 510 1692 devote
539 1629 766 1689 conferebant:
798 1637 830 1686 et

1 1719 2 1722 '
72 1740 109 1790 ut
138 1731 192 1806 pie
223 1731 421 1791 credendum
454 1738 504 1790 est
534 1744 599 1787 non
630 1743 733 1801 pauca
761 1741 829 1800 my·

72 1827 173 1887 steria
196 1826 321 1888 Christi
347 1845 365 1886 a
387 1828 479 1887 beata
503 1824 629 1901 virgine
657 1822 830 1882 audierunt

73 1936 106 1985 et
148 1924 340 1985 didicerunt.
398 1923 444 1983 lbi
480 1921 671 2000 postpositis
706 1919 828 1980 saeculi
841 1943 865 1982 15

73 2023 179 2098 curiS,
217 2033 249 2083 et
286 2021 506 2082 locutionibus
546 2020 639 2080 vanis
676 2019 830 2093 exclusis,

71 2123 216 2181 totale
248 2119 525 2181 desiderium
559 2135 681 2178 suum
713 2118 752 2177 ad
783 2117 831 2176 in·

72 2218 195 2279 teriora
234 2229 266 2279 et
303 2217 457 2278 caelestia
491 2217 716 2292 promissa
756 2233 831 2274 con·

73 2326 262 2376 verterunt:
302 2325 464 2393 quatenus
499 2331 599 2390 super
629 2314 713 2374 dona
748 2330 831 2390 quae

73 2412 137 2472 iam
168 2413 329 2474 habebant
359 2414 501 2473 adhuc
531 2411 714 2488 plenius
743 2411 868 2486 spi-20

73 2510 208 2571 ritum
245 2521 446 2571 sanctum
483 2510 632 2587 accipere
667 2527 832 2571 mereren-

73 2619 135 2669 tur.
180 2609 218 2668 Et
241 2609 360 2669 lactum
384 2619 433 2669 est
455 2608 508 2668 ita.
551 2609 635 2668 Nam
658 2608 691 2667 in
714 2608 833 2668 adven·
924 2649 928 2658 ·

74 2707 196 2768 tatione
212 2706 284 2766 eius
300 2724 415 2768 omnes
438 2707 552 2783 repleti
576 2716 662 2781 sunt,
684 2716 716 2765 et
735 2707 833 2766 tantis

75 2804 326 2865 charismatibus
362 2805 469 2865 donati
509 2815 541 2865 et
576 2803 760 2864 clarificati:
799 2813 833 2862 ut

75 2902 179 2978 signis
210 2913 242 2962 et
272 2902 446 2964 virtutibus
478 2920 514 2962 ac
546 2901 703 2962 doctrinis
734 2917 868 2978 superas

75 3000 277 3076 patriarchas
321 3011 353 3060 et
394 3001 570 3076 prophetas
613 3009 832 3060 coruscarent.

76 3097 236 3175 Quitquid
270 3099 357 3158 enim
393 3099 427 3158 in
463 3100 535 3175 lege
571 3109 602 3159 et
633 3098 833 3175 propheticis

75 3196 172 3256 dictis
199 3195 374 3272 mysticum
397 3197 578 3272 velabatur,
607 3197 669 3256 hoc
693 3195 833 3271 Spiritus

76 3294 179 3354 sancti
202 3294 418 3354 illustratione
440 3294 687 3354 intellexerunt:
714 3304 746 3354 et
768 3293 833 3354 elo-

76 3393 130 3468 qui
153 3391 254 3452 variis
276 3392 396 3468 linguis
411 3402 595 3467 potuerunt.
627 3391 724 3469 Quod
740 3391 869 3451 valdeao

77 3490 300 3551 necessarium
324 3491 361 3549 ad
384 3490 484 3549 totius
506 3491 665 3550 ecclesiae
686 3488 833 3548 aedifica·

435 3593 476 3634 303
