2114 4168
394 406 560 461 Epilegomena.

97 539 336 614 omitterentur,
360 558 426 600 non
449 540 543 601 aliter
564 540 668 600 habeo
691 539 854 616 quomodo

98 620 277 697 explicem,
305 621 369 680 nisi
399 631 434 681 ut
456 631 488 681 et
516 620 587 697 ipsa
614 628 689 696 post
712 619 854 679 indicem

98 701 230 761 demum
254 702 439 762 confectum
455 702 494 761 ad
511 701 658 761 fasciculi
673 700 759 760 tertii
779 699 855 760 folia

96 798 200 841 vacua
209 782 754 858 complendaadditaessestatuam.
764 780 854 857 Quin

96 860 255 922 aThoma
276 863 396 940 scripta
417 863 493 938 sint,
515 879 624 939 neque
643 863 693 921 De
709 861 854 923 Cousse·

96 943 230 1003 maker¹
245 960 353 1020 neque
369 943 539 1004 Marchal²
553 943 686 1017 dubitat,
708 942 763 1018 qui
780 959 853 1001 cum

96 1024 704 1085 ceteroscodicistractatusanno1456
715 1022 854 1099 scriptos

95 1119 173 1164 esse
195 1103 289 1180 dicat,
311 1105 456 1164 carmina
475 1105 531 1164 illa
545 1103 668 1165 saeculi
685 1103 745 1163 XV
760 1103 853 1163 alteri

93 1183 211 1244 tertiae
237 1185 336 1261 parti,
364 1186 460 1245 annis
488 1185 615 1245 scilicet
647 1185 854 1259 1456-1467,

93 1263 272 1325 attribuere
282 1266 421 1326 videtur.
446 1265 510 1325 Sed
526 1266 559 1325 in
570 1281 728 1342 praesens
741 1263 853 1324 missis

94 1344 158 1421 his,
179 1355 289 1422 utpote
305 1363 388 1423 quae
404 1346 581 1406 voluminis
596 1344 700 1422 quarti
717 1344 853 1404 canticis

94 1426 272 1486 inserenda
293 1426 584 1502 reservaverimus,
606 1443 693 1487 nunc
716 1426 757 1485 de
779 1425 852 1484 reli-

95 1506 170 1581 quis
193 1507 315 1566 codicis
337 1507 526 1569 tractatibus
547 1507 727 1566 videamus.

135 1585 184 1646 Ac
205 1586 403 1648 Sommalius
425 1587 567 1665 quidem,
590 1587 644 1664 qui
668 1603 751 1664 quae
766 1604 785 1646 a
799 1603 852 1646 me

93 1685 124 1743 p.
139 1671 170 1742 5,
192 1671 314 1742 1-313,
337 1686 362 1726 rs
384 1669 589 1744 exhibentur,
611 1667 757 1744 exceptis
776 1667 852 1727 dua-

93 1748 156 1807 bus
172 1748 373 1809 orationibus
384 1753 394 1784 ³
405 1749 530 1825 primus
539 1750 638 1826 (anno
653 1748 740 1822 1600)
755 1756 852 1824 atque

95 1846 181 1888 unus
210 1829 258 1888 sic
286 1829 442 1906 inscripta
471 1829 586 1890 edidit:
617 1828 793 1890 conciones
822 1832 854 1886 et

95 1909 320 1969 meditationes
335 1910 535 1984 triginta-sex
549 1909 750 1978 utilissimae,
770 1908 851 1967 haec

94 1990 278 2066 praefatus:
311 1990 348 2050 In
379 1991 440 2050 hac
466 1995 561 2066 parte
589 1990 731 2050 secanda
765 1986 852 2047 Tomi

89 2070 206 2145 primi,
237 2071 443 2130 continentur
471 2076 538 2131 tam
567 2071 751 2140 conciones,
784 2073 851 2128 tam

93 2151 319 2211 meditationes
333 2152 507 2212 admodum
517 2152 610 2212 vtiles
622 2151 654 2210 &
660 2151 746 2225 piae.
770 2148 851 2210 Con·

92 2232 201 2291 aiones
219 2237 297 2290 sant
309 2232 477 2302 eiusmodi,
497 2237 532 2291 vt
545 2231 769 2291 meditationes
784 2246 851 2290 esse

90 2312 270 2371 videantur.
293 2311 450 2373 Similiter
458 2312 682 2372 meditationes
698 2311 744 2372 ita
754 2311 850 2386 scrip·

92 2397 146 2451 tae
166 2398 258 2462 sant,
284 2398 319 2452 vt
338 2409 377 2452 ex
397 2393 437 2452 iis
459 2393 627 2453 conciones
649 2391 759 2452 haberi
775 2407 849 2465 pos-

90 2473 173 2543 sint,
206 2489 285 2532 sane
316 2473 491 2533 notabilem
522 2473 556 2532 in
585 2473 717 2532 modum
745 2488 849 2547 paene

91 2553 207 2612 eadem
225 2554 293 2624 „De
312 2554 377 2613 vita
399 2563 431 2613 et
445 2551 616 2613 beneficiis
632 2553 706 2613 iesu
723 2551 848 2613 Christi

91 2632 269 2693 Salvatoris
291 2633 394 2694 nostri
424 2634 689 2694 meditationibus
718 2642 750 2693 et
780 2650 850 2692 ora·

90 2712 277 2774 tionibus“⁴
304 2714 473 2790 praemisit
501 2715 599 2774 haec:
628 2714 689 2774 Hic
716 2714 757 2772 de
781 2713 849 2772 vita

92 2793 212 2855 Christi
232 2811 271 2854 ac
292 2795 332 2855 de
353 2795 514 2870 beneficiis
542 2795 683 2854 eiusdem
710 2794 848 2863 libellas,

91 2880 159 2934 tum
189 2875 229 2934 iis
250 2876 308 2950 qai
329 2875 491 2946 meditari,
522 2879 589 2934 tam
610 2890 683 2934 vero
705 2873 849 2947 illisqui

90 2955 353 3016 orationevocali
362 2956 408 3015 vti
418 2960 661 3025 consueuerant,
675 2952 848 3013 admodum

89 3035 179 3094 vtilis
196 3036 266 3106 erit,
288 3036 386 3095 etiam
401 3036 433 3095 ἂ
443 3036 629 3110 pastoribus
644 3033 847 3095 concionato-

89 3116 250 3191 ribasqae,
271 3122 306 3175 vt
325 3116 400 3175 hinc
421 3116 464 3190 (si
484 3116 656 3190 voluerint)
674 3115 766 3190 pios,
795 3114 847 3173 de-

90 3196 848 3271 aotos,spiritualesveconceptaseliciant,qaos

132 3399 139 3424 ¹
155 3409 178 3449 p.
193 3397 227 3439 72.
337 3399 346 3425 2
361 3411 383 3451 p.
398 3398 432 3440 92.

131 3453 139 3478 ³
154 3450 316 3493 811566-567
332 3471 356 3487 =
372 3465 394 3505 p.
409 3453 444 3504 53,
460 3453 542 3504 10-57,
558 3473 585 3499 11.

129 3506 139 3530 ⁴
154 3503 196 3545 Sii
210 3517 232 3556 p.
247 3505 355 3547 617--720
370 3524 394 3540 ι
410 3506 515 3547 editionis
531 3518 592 3548 meae
608 3505 652 3547 val.
668 3504 693 3546 V.

448 3583 489 3625 415
