2144 4194
426 457 457 508 [³]
498 455 820 508 wwwwo

46 586 137 646 lilios
159 603 192 662 gr
220 590 293 648 luce
315 589 436 665 gloriae
459 599 576 650 cuncta
599 589 819 666 perficientur.

48 685 147 746 riae„
162 683 293 746 stenim
316 685 462 762 angelica
484 686 565 762 laus,
587 697 619 746 et
638 686 819 747 animarum

60 793 249 846 sanctarum
266 794 445 845 concentus
465 784 699 845 suavissimus:
721 785 765 844 ibi
786 784 819 844 in

60 882 248 958 praesentia
284 881 474 942 Conditoris
513 882 620 942 cuncti
661 883 821 943 laetantur

60 980 245 1040 unanim'es.
289 979 470 1040 Nobiscum
492 996 571 1039 vero
593 980 677 1040 bene
700 979 843 1057 agitur:s

60 1078 87 1137 si
119 1077 210 1155 quid‘
234 1093 348 1154 parum
384 1078 461 1138 inde
493 1077 666 1153 aliquando
697 1077 820 1137 sentire

60 1176 230 1236 donatura·
254 1176 363 1253 Quem
392 1193 459 1237 non
488 1176 664 1236 delectaret
692 1176 820 1253 hymni-

60 1274 143 1335 dicis
179 1275 371 1352 angelclum
403 1274 513 1334 choris
548 1274 730 1349 interesse3
765 1272 819 1333 ubi

60 1373 151 1432 nulla
181 1389 259 1432 voci·
293 1367 554 1445 sl'dissonantia,
585 1370 675 1430 nulla
705 1369 821 1429 levitas

60 1469 171 1530 dissol·
211 1473 277 1546 ns?
302 1469 391 1528 nulla
426 1467 596 1544 occupatio
627 1467 821 1543 impediens,
832 1488 856 1529 ro

60 1567 152 1627 nulla
172 1585 192 1626 n
206 1567 355 1630 *cessitas
374 1583 565 1644 perurgens,
587 1566 676 1625 nulla
690 1564 820 1625 affectio

60 1665 234 1741 inliciens,
269 1665 358 1725 nulla
393 1664 579 1741 imaginatio
616 1664 820 1739 distrahens3

158 1761 315 1823 ‘lmateria
340 1761 551 1837 turbationis,
580 1762 670 1822 nulla
691 1761 819 1822 occasio

64 1903 66 1908 ,
120 1852 295 1936 wittonis,
310 1860 399 1920 nulla
413 1858 628 1937 neglegentia,
643 1859 732 1918 nulla
745 1875 820 1918 con·

66 1946 135 2023 funs
175 1958 292 2017 nullus
307 1958 407 2033 labor,
422 1957 549 2018 nullum
564 1956 717 2032 taedium,
732 1955 821 2016 nulla
832 1979 856 2019 15

4 2075 5 2092 ¹
64 2045 102 2104 bc
207 2077 226 2128 '³
248 2056 306 2116 sed
321 2072 450 2115 summa
470 2073 532 2132 pax
547 2064 580 2115 et
594 2054 820 2130 tranquillitas,

5 2145 6 2149 ’
204 2144 821 2228 laetitiaetdulcedomelliflua,summa

62 2285 79 2308 t.
145 2263 149 2268 ·
185 2251 238 2310 aia
259 2262 291 2312 et
312 2250 428 2311 deifica
443 2250 583 2325 claritas,
604 2250 701 2327 plena
719 2249 821 2310 felici-

61 2342 123 2408 tas*
153 2348 325 2424 -l'perlecta
339 2347 526 2409 securitas?
562 2346 591 2408 Ο
608 2365 703 2424 quam
720 2348 820 2407 breve

61 2456 111 2506 est
133 2455 166 2505 et
185 2445 350 2506 modicum
365 2446 453 2522 quod
468 2462 530 2506 nos
545 2446 740 2506 celebrando
756 2445 856 2522 agi-zo

62 2553 162 2610 musta
190 2560 287 2619 quam
318 2544 548 2621 imperfectum
580 2552 611 2603 et
642 2545 817 2604 obscurum

62 2652 150 2717 quod
170 2658 231 2701 nos
247 2642 434 2702 recolimus.
464 2641 630 2719 Quamdiu
646 2641 733 2701 enim
750 2658 819 2701 cor·

61 2740 223 2817 ruptionis
233 2751 364 2800 nostrae
376 2741 529 2800 tenebras
543 2740 693 2816 patimur,
708 2756 819 2816 quam-

18 2843 19 2848 ’
61 2837 115 2896 diu
130 2838 268 2898 mortale
284 2855 403 2914 corpus
417 2837 579 2914 gerimus:
594 2837 649 2896 vix
664 2837 750 2897 clare
763 2837 818 2896 ali·

20 2953 22 3011 }
62 2935 138 3010 quid
162 2934 202 2994 de
223 2934 475 2996 immortalitatis
497 2936 570 2995 luce
593 2944 625 2995 et
646 2935 855 2997 incircum-25

62 3032 182 3109 scripto
194 3033 310 3109 spiritu
322 3032 643 3109 comprehendimus.
659 3032 742 3092 Nam
754 3050 819 3092 una

62 3146 165 3205 paene
191 3139 287 3191 nocte
313 3147 350 3190 ac
378 3131 430 3190 die
456 3141 568 3190 nostra
589 3130 732 3190 decurrit
756 3131 819 3190 sol·

26 3277 28 3302 3
61 3228 228 3288 lemnitas:
251 3229 346 3305 quia
368 3245 438 3288 nec
461 3228 524 3288 diu
547 3228 586 3287 in
610 3227 818 3288 devotione

62 3334 189 3398 potest
209 3336 341 3385 nostra
356 3327 579 3386 subsistere
594 3325 817 3386 infirmitas

63 3421 99 3481 Et
118 3421 242 3482 utinam
263 3423 366 3483 maior
381 3441 456 3499 pars
472 3423 628 3500 temporis
644 3423 854 3499 spirituali-ao

62 3519 120 3578 bus
149 3520 389 3596 expenderetur
420 3521 615 3581 harmoniis:
647 3530 679 3580 et
707 3520 817 3580 minus

88 3624 333 3679 rhomaealtnpera.
346 3623 386 3667 111.
428 3625 451 3666 81
699 3626 713 3666 6
