2144 4194
85 457 417 510 mmmm
452 457 497 508 [¹7]
530 456 853 509 [ammai

86 607 205 650 sermo
221 591 296 651 Iesu
312 590 368 650 tibi
385 589 575 666 frequenter
588 590 777 666 pensandus
793 598 853 663 est,

86 697 120 748 et
144 687 323 764 diligenter
344 687 433 747 cordi
457 687 671 748 inserendus:
699 687 754 763 qui
779 686 852 746 reli-

85 785 220 861 giosam
247 785 380 846 affectas
401 786 521 845 ducere
536 785 645 846 vitam.
675 784 852 846 Commen-

88 882 144 942 dat
175 883 234 943 tibi
261 884 353 944 lesus
375 880 513 944 ‘sanctae
544 882 742 958 paupertatis
773 899 852 941 suae

88 981 308 1057 nobilitatem,
330 999 393 1058 qua
409 998 545 1058 regnum
562 981 703 1041 caeleste
719 979 874 1055 emitur35

88 1097 191 1156 quam
216 1088 248 1139 et
269 1079 339 1155 ipse
361 1079 395 1138 in
418 1079 539 1138 mundo
562 1095 686 1154 pauper
703 1076 800 1152 elegit
815 1094 850 1136 ac

87 1176 303 1238 strictissime
334 1176 486 1237 servavit.
530 1176 633 1235 Immo
666 1175 787 1235 nullam
819 1184 851 1234 te

88 1277 162 1335 vult
192 1291 351 1352 quaerere
382 1274 639 1334 consolationem
671 1282 851 1348 terrenam;

88 1373 169 1449 quia
191 1389 253 1432 nec
275 1372 346 1448 ipse
367 1372 581 1448 temporalem
604 1371 657 1430 hic
675 1369 787 1430 habuit
802 1387 850 1429 re-

89 1470 223 1547 quiem:
260 1487 321 1530 nec
350 1469 551 1529 materialem
581 1468 643 1528 sibi
675 1467 787 1529 statuit
817 1468 850 1527 in
862 1486 886 1525 ιο

89 1577 179 1628 terra
202 1568 334 1627 domum
358 1566 397 1626 ad
413 1566 691 1627 commorandum.
721 1564 851 1625 Habent

90 1664 246 1724 animalia
267 1665 305 1724 ad
328 1663 518 1724 latitandum
541 1664 682 1739 latibula,
711 1675 743 1726 et
764 1665 851 1725 vola·

90 1762 161 1822 tilia
176 1763 215 1821 ad
239 1761 476 1837 quiescendum
492 1761 587 1821 nidos
602 1762 654 1820 vel
678 1761 850 1838 foramina3

92 1860 152 1919 sed
176 1860 271 1919 Iesus
293 1859 382 1919 nulla
403 1859 535 1934 penitus
550 1858 612 1918 sibi
628 1859 732 1918 erexit
747 1861 851 1920 taber·

91 1958 225 2016 nacula:
254 1973 315 2016 nec
344 1973 402 2032 per
430 1956 655 2032 interpositam
677 1973 849 2032 personam
862 1976 885 2016 15

92 2055 207 2115 aedem
231 2054 415 2130 procuravit
437 2064 491 2115 aut
506 2071 664 2114 mensam.
692 2054 781 2116 Vixit
796 2074 850 2116 au·

92 2162 158 2213 tem
176 2162 210 2213 ut
221 2169 345 2229 pauper
359 2152 547 2228 mendicus3
562 2152 749 2227 pertransiit
764 2153 848 2213 viam

92 2251 205 2311 mundi
221 2250 312 2311 velut
325 2250 519 2327 peregrinus
535 2250 690 2310 festinus:
713 2251 851 2313 recessit

92 2358 127 2408 ut
155 2349 279 2424 hospes
305 2347 442 2408 alienus.
486 2347 560 2407 Non
583 2348 716 2408 domum
738 2365 849 2410 manu-

92 2445 210 2506 factam
241 2455 373 2506 aeterna
402 2445 561 2521 sapientia
583 2446 644 2505 sibi
667 2446 885 2506 aedificavitao

91 2543 126 2603 in
141 2543 225 2603 vicis
240 2543 293 2603 vel
309 2543 454 2619 urbibus,
470 2561 531 2603 nec
547 2553 637 2604 extra
648 2545 762 2628 urbem
774 2560 849 2605 con·

91 2641 184 2700 duxit
212 2641 245 2700 in
274 2640 356 2700 locis
384 2640 577 2716 uberrimis3
602 2641 660 2700 sed
683 2641 847 2700 communi

92 2748 269 2800 contentus
285 2739 464 2799 amicorum
481 2739 672 2814 diversorio,
694 2739 849 2816 simpliei-

89 2846 189 2897 tatem
214 2853 392 2913 egenorum
407 2846 551 2898 sectatus
567 2837 665 2897 estin
681 2837 848 2897 omnibus:

93 2951 256 3011 nusquam
272 2934 452 2995 delectatus
462 2934 536 2994 altis
546 2934 764 2994 tabernaculis
775 2951 884 3011 pec-25

89 3043 246 3093 catorum.
276 3032 371 3109 Quae
386 3043 493 3094 autem
515 3033 576 3092 sibi
600 3033 847 3094 sustentationis

88 3130 191 3207 gratia
218 3130 390 3205 dabantur,
418 3132 499 3190 haec
528 3131 561 3190 in
584 3132 749 3191 communi
772 3150 847 3192 con-

89 3227 234 3288 ferebat:
257 3238 289 3288 et
310 3229 403 3289 alteri
424 3228 602 3289 deferenda
617 3229 847 3290 committebat.

89 3326 142 3385 Nil
179 3325 346 3402 proprium
383 3343 442 3402 pro
479 3343 515 3386 se
551 3328 671 3386 habere
702 3326 846 3387 volebat:

88 3440 184 3498 parce
207 3432 315 3483 autem
338 3441 418 3483 usus
441 3433 491 3483 est
513 3423 564 3483 his
587 3441 670 3500 quae
690 3424 881 3484 naturalisso

89 3521 269 3581 necessitas
291 3522 454 3596 poscebat.
485 3521 517 3582 Si
535 3522 611 3598 quid
635 3522 717 3582 forte
733 3539 845 3598 super·

450 3627 487 3667 rso
