2122 4196
55 475 95 526 ΘΣ
127 473 298 517 ΜΕΒΙΤΑΤΙΟ
314 475 353 517 DE
370 473 601 518 lNCAliNATIONE
617 473 741 518 CHRISTI
773 475 814 528 ω

57 609 204 668 sionibus
226 608 374 669 refertis:
397 609 473 686 quia
489 610 580 668 Deus
595 609 693 669 corda
709 609 814 669 hurni-

59 705 136 766 lium
159 705 304 782 respicit,
326 716 358 766 et
379 706 476 766 iidem
499 717 588 767 recte
610 707 813 767 credentium

60 805 209 880 attendit3
231 813 328 880 atque
351 803 472 864 idcirco
494 804 667 880 gloriosus,
689 814 721 864 et
744 804 815 864 Deo

62 901 266 979 acceptabilis
277 902 360 962 eris:
376 901 403 961 si
420 901 453 961 in
466 901 636 963 Christum
650 902 815 962 credendo

62 999 204 1073 priorum
226 1008 353 1075 patrum
377 999 491 1075 iidem,
513 1015 689 1076 moresque
712 1000 838 1065 iueriss

62 1097 212 1159 imitatus.
261 1097 327 1175 Qui
357 1097 470 1174 utique
498 1098 651 1159 meritum
681 1115 746 1158 non
775 1099 815 1158 de

64 1196 140 1273 legis
151 1196 370 1272 observantia,
380 1213 446 1257 non
458 1196 497 1255 de
509 1197 717 1257 multitudine
725 1198 816 1259 victi·

65 1311 196 1370 marum,
211 1311 273 1354 nec
289 1294 329 1354 de
340 1294 481 1370 propriis
492 1295 618 1355 actibus
629 1295 815 1371 sperabant:

66 1392 118 1451 sed
141 1393 180 1452 de
203 1392 273 1452 sola
294 1391 395 1468 gratia
415 1391 593 1452 Salvatoris
615 1393 717 1453 nostri
742 1394 816 1453 lesu

67 1490 197 1551 Christi.
250 1490 304 1550 Sic
336 1489 423 1548 enirn
456 1488 605 1564 promisit
636 1490 728 1550 Deus
759 1507 817 1565 per
829 1513 853 1552 ro

68 1588 177 1649 isaiam
186 1589 388 1664 prophetam.
403 1586 712 1648 Gratisvenumdati
722 1587 816 1649 estis:

68 1696 96 1746 et
122 1687 193 1746 sine
222 1694 356 1762 argento
385 1685 603 1745 redimemini.
647 1685 817 1761 Resipisce

69 1784 160 1843 ludae
171 1783 347 1858 resipisce:
363 1792 395 1842 et
406 1783 444 1842 ad
455 1801 570 1844 verum
583 1785 693 1844 lumen
705 1783 816 1843 mundi

70 1881 170 1941 lesum
204 1881 375 1943 Christum
408 1891 610 1943 convertere.
663 1882 737 1956 lpse
768 1891 818 1940 est

69 1980 245 2040 dominator
276 1979 457 2055 Dominus,
493 1989 524 2039 et
556 1981 691 2056 angelus
723 1987 854 2045 testa-15

71 2078 180 2140 menti:
210 2077 295 2137 sicut
323 2077 367 2137 ait
394 2077 583 2137 Malachias.
628 2078 701 2152 lpse
729 2077 819 2137 venit

71 2174 107 2233 ad
127 2174 317 2234 salvandum
340 2191 455 2234 omnes
470 2185 602 2252 gentes3
623 2175 680 2235 tibi
696 2175 819 2251 specia-

71 2273 138 2333 liter
159 2273 299 2333 missus:
321 2273 379 2332 sed
402 2291 460 2348 pro
476 2273 569 2333 dolor
583 2290 601 2332 a
616 2271 728 2332 multis
744 2271 819 2330 liliis

71 2370 139 2446 tuis,
164 2388 226 2431 nec
248 2371 377 2447 agnitus
399 2388 460 2430 nec
483 2381 667 2446 susceptus.
711 2369 820 2429 Enim·
859 2401 863 2408 ·

73 2469 191 2528 verosi
215 2469 324 2529 credis
353 2469 428 2544 quia
449 2469 539 2530 venit
567 2468 762 2529 salvaberis:
792 2468 856 2532 sizo

72 2583 131 2626 non
152 2567 270 2641 crediS,
299 2567 409 2627 veniet
431 2577 543 2627 contra
564 2577 606 2643 te,
635 2577 667 2627 et
691 2567 821 2627 damna·

73 2665 161 2726 beris.
190 2663 246 2725 Ait
263 2665 360 2726 enim.
388 2664 421 2726 Si
444 2683 510 2725 non
526 2665 731 2726 credideritis
745 2665 822 2741 quia

73 2781 125 2841 ego
147 2780 238 2824 sum:
267 2762 453 2824 moriemini
483 2763 516 2822 in
538 2773 671 2838 peccato
701 2773 821 2823 vestro.

75 2863 174 2940 Quam
204 2862 448 2923 excusationem
479 2861 602 2937 poteris
633 2859 751 2919 afferre
782 2858 821 2917 ad

74 2960 292 3021 defensionem
322 2959 443 3020 erroris
464 2959 540 3034 tui?
583 2958 693 3018 Habes
715 2958 820 3033 legem
830 2981 857 3022 25

75 3069 102 3120 et
112 3060 301 3136 prophetas;
316 3058 374 3118 sed
386 3067 594 3117 accusatores
605 3055 713 3132 potius
724 3072 820 3132 quam

76 3157 277 3217 defensores:
293 3156 348 3232 qui
365 3166 477 3216 contra
492 3165 523 3215 te
539 3155 669 3214 stabunt
684 3154 717 3213 in
733 3152 822 3213 testi·

77 3254 225 3328 monium,
246 3254 322 3330 quia
344 3254 478 3314 credere
500 3252 643 3313 noluisti.
685 3251 822 3328 Moyses

78 3352 155 3412 dicit.
196 3350 316 3412 Audite
338 3351 478 3412 rebelles
501 3360 533 3410 et
554 3348 724 3410 increduli.
758 3346 823 3407 Ad·

78 3451 134 3510 huc
155 3449 240 3510 enim
263 3449 395 3510 vivente
416 3466 469 3509 me
492 3457 523 3509 et
541 3447 745 3524 ingrediente
767 3463 859 3512 vo·30

79 3547 204 3625 bissum,
219 3563 351 3624 semper
362 3545 566 3608 contentiose
582 3544 694 3622 egistis
710 3552 822 3603 eontra

432 3651 459 3696 2⁵
