2118 4186
75 591 161 652 duce
171 591 274 668 gratia
287 601 352 666 tua,
367 591 437 652 etsi
450 608 705 667 perseveravero
716 600 836 666 tecum,

75 690 140 750 erit
162 690 235 750 sine
258 689 356 750 dubio
379 705 508 749 merces
529 706 603 749 mea
624 698 765 750 aeterna.

119 786 211 848 Sicut
226 803 303 863 ergo
314 796 360 862 tu,
376 787 518 847 Domine
530 788 615 862 lesu,
630 803 692 847 nec
705 795 838 863 propter

75 883 191 944 matris
206 893 281 944 tuae
305 884 400 945 fletus
415 901 476 945 nec
494 895 627 961 propter
642 885 834 945 Iudaeorum

75 981 251 1057 obprobria
260 982 455 1043 consensisti
466 983 611 1044 decruce
620 982 860 1043 descenderem

75 1079 126 1139 sic
162 1096 224 1139 nec
256 1095 315 1156 ego
347 1079 472 1140 moveri
505 1080 608 1140 debeo
642 1079 835 1156 cuiusquam

74 1176 196 1237 blando
219 1194 373 1237 sermone
395 1179 447 1238 vel
472 1177 627 1252 consilio,
656 1186 710 1237 aut
739 1177 835 1238 etiam

75 1290 163 1334 vano
178 1282 303 1334 terrore
319 1274 555 1335 contrariorum
572 1293 590 1334 a
605 1284 689 1336 statu
701 1273 837 1334 sanctis·

76 1371 183 1431 simae
206 1371 375 1432 servitutis
396 1382 487 1433 tuae:
510 1373 568 1433 sed
590 1382 698 1433 tecum
718 1372 837 1446 vivam,

75 1479 187 1529 tecum
212 1468 334 1530 moriar
361 1471 394 1530 in
418 1487 531 1530 cruce:
561 1488 622 1531 nec
651 1470 731 1530 mihi
761 1487 873 1531 con-ro

75 1567 180 1642 tingat
207 1583 343 1643 parcere
365 1568 493 1627 animae
520 1584 612 1628 meae
641 1577 774 1644 propter
795 1579 837 1643 te,

77 1665 135 1742 qui
158 1664 298 1724 animam
330 1674 418 1725 tuam
447 1683 506 1741 pro
535 1683 588 1725 me
617 1665 773 1742 posuisti,
803 1676 838 1725 ut

76 1779 145 1822 non
173 1762 314 1838 perirem
345 1763 377 1822 in
406 1772 585 1823 aeternum.
629 1763 753 1823 inclina
781 1761 837 1822 ita-

77 1877 144 1936 que
166 1876 253 1919 nunc
276 1859 314 1919 ad
336 1877 389 1920 me
411 1869 507 1936 caput
530 1872 620 1920 tuum
650 1859 683 1919 in
706 1859 835 1936 signum

78 1956 247 2033 praecipui
276 1956 412 2017 amoris:
443 1967 475 2017 et
497 1975 556 2034 ego
586 1975 642 2017 cor
665 1974 775 2017 meum
797 1957 836 2016 ad
849 1973 873 2013 ιε

78 2065 112 2116 te
139 2054 173 2114 in
202 2054 331 2132 signum
360 2055 493 2116 intimae
522 2054 776 2132 compassionis:
806 2063 837 2114 et

79 2153 180 2214 simul
209 2153 365 2214 moriatur
393 2153 501 2214 anima
527 2170 601 2212 mea
629 2170 702 2213 cum
731 2151 838 2212 anima

80 2260 147 2326 tua,
169 2262 204 2310 ut
225 2251 279 2311 ubi
301 2261 336 2312 tu
359 2267 405 2326 θε,
430 2251 496 2311 illic
518 2251 560 2310 sit
582 2260 614 2311 et
635 2250 722 2326 ipsa3
750 2265 837 2309 nunc

81 2365 142 2425 per
163 2348 372 2424 desiderium,
395 2359 467 2426 post
488 2366 547 2425 per
568 2348 785 2425 praesentiam
806 2358 838 2409 et

80 2444 263 2505 beatificam
280 2446 478 2508 fruitionem
503 2446 603 2524 Aperi
615 2463 746 2524 quoque
757 2446 874 2506 mihiao

81 2545 167 2604 latus
195 2554 286 2604 tuum
316 2544 355 2604 ad
378 2544 579 2620 pausandum
609 2543 642 2603 in
668 2561 717 2604 eo.
761 2544 838 2604 ideo

81 2640 170 2702 enim
193 2651 339 2717 apertum
363 2650 423 2716 est,
445 2651 480 2702 ut
494 2659 554 2718 ego
576 2641 731 2702 intrarem
752 2652 784 2702 et
799 2643 837 2701 ab

81 2738 227 2799 aestibus
249 2738 401 2799 vitiorum
431 2756 573 2800 curarer.
617 2738 774 2799 Profluxit
799 2756 838 2799 ex

82 2854 121 2898 eo
144 2836 277 2913 sanguis
299 2846 331 2897 et
355 2854 454 2913 aqua3
482 2854 582 2914 aqua,
610 2845 645 2896 ut
673 2836 800 2896 lavarer
821 2853 839 2896 a

81 2934 258 2995 contractis
285 2934 421 2994 maculis
453 2944 485 2994 et
513 2933 664 3011 privatis3
695 2933 875 3010 sanguis‚2s

82 3041 117 3091 ut
140 3030 321 3091 redimerer
342 3047 360 3089 a
381 3030 457 3106 iugo
479 3030 597 3091 diaboli
614 3040 646 3091 et
660 3031 776 3107 poenis
792 3031 838 3094 in·

82 3128 177 3190 ferni.
228 3127 286 3188 Eia
314 3127 490 3204 suscipiam
519 3137 551 3189 te
580 3129 642 3188 iam
673 3129 712 3188 de
741 3145 838 3189 cruce

81 3242 157 3286 cum
180 3223 337 3302 singulari
360 3225 553 3286 reverentia.
584 3227 706 3286 Ponam
723 3235 754 3286 te
770 3226 839 3286 dul-

82 3324 164 3384 citer
178 3323 265 3385 inter
278 3323 431 3384 bracchia
445 3340 527 3398 mea,
543 3324 675 3400 quinon
687 3322 839 3397 habuisti,

81 3423 136 3484 ubi
169 3432 265 3498 caput
295 3431 386 3482 tuum
419 3421 597 3482 reclinares
630 3421 875 3497 dispunctumao

81 3538 205 3582 corona
234 3519 357 3596 spinea.
403 3520 556 3597 Plangam
585 3529 617 3580 te
646 3518 738 3595 quasi
769 3518 838 3578 uni-

441 3626 479 3668 351
