2118 4186
236 417 317 470 &m
340 411 514 455 ortationes
531 413 569 454 DE
585 412 732 455 PASSlONE
749 412 895 455 DOMlNlss
915 412 994 465 {w

236 545 378 607 habuisti
414 563 487 605 cum
525 546 619 606 Patre
655 546 898 621 absconditam,
937 547 994 606 sed

237 645 333 704 etiam
370 644 555 721 specialiter
584 643 748 719 passionis
778 655 929 720 tempore
962 644 993 703 in

237 759 334 802 cruce
357 742 501 802 moriens
524 742 685 802 revelasti.

591 961 635 1011 Vl.

212 1088 226 1127 ⁵
463 1079 647 1140 Gratiarum
669 1079 764 1138 actio.

238 1172 254 1204 il

235 1174 462 1391 &Raetias
483 1232 593 1308 itaque
614 1248 701 1290 nunc
724 1231 831 1290 refero
846 1231 916 1306 tibi,
938 1232 993 1290 be-

237 1341 263 1390 ta
372 1330 565 1406 nignissime
582 1329 667 1403 lesu,
688 1346 746 1404 pro
766 1329 922 1389 omnibus
937 1329 993 1388 do·

236 1427 359 1487 loribus
381 1440 413 1488 et
434 1427 627 1503 obprobriis,
649 1443 706 1502 pro
723 1425 889 1486 universis
912 1444 991 1503 quo·

235 1541 299 1600 que
327 1525 517 1585 rubicundis
539 1524 731 1585 vulneribus
759 1524 841 1598 tuis,
870 1525 992 1600 quibus

201 1635 225 1676 ro
235 1623 379 1698 repletus
401 1640 437 1682 es
459 1623 601 1698 aplanta
621 1622 713 1698 pedis
736 1639 841 1698 usque
864 1623 903 1683 ad
920 1640 991 1683 ver-

235 1719 991 1796 ticempromeareconciliationeetreductione

234 1817 267 1876 in
299 1830 462 1878 aeternam
496 1819 630 1895 gloriam
663 1829 760 1879 tuam.
812 1817 877 1878 Sed
915 1820 991 1892 heu,

235 1909 390 1990 Domine,
412 1917 487 1992 quia
508 1916 622 1992 dignas
645 1916 700 1976 tibi
724 1916 847 1975 referre
870 1915 991 1992 gratias

234 2030 299 2073 non
333 2014 471 2074 sufficio.
524 2015 691 2091 Siquidem
726 2027 789 2075 tam
822 2015 991 2075 excellens

200 2127 224 2166 15
235 2120 266 2170 et
288 2113 430 2187 pretiosa
450 2121 500 2172 est
515 2113 722 2173 sanctissima
736 2112 845 2188 passio
867 2122 934 2188 tua,
957 2125 992 2172 ut

234 2208 261 2266 si
292 2210 436 2269 omnium
469 2221 689 2271 creaturarum
722 2211 818 2272 etiam
850 2211 991 2271 virtutes

234 2305 399 2382 haberem,
421 2307 526 2367 adhuc
549 2309 645 2384 plene
667 2308 724 2367 tibi
745 2307 911 2385 regratiari
935 2325 992 2367 ne-

234 2422 394 2481 quaquam
418 2405 616 2466 sufficerem.
658 2406 791 2466 Excedit
813 2405 902 2466 enim
923 2424 992 2466 om-

234 2503 323 2563 nium
354 2504 523 2563 hominum
553 2503 668 2563 merita
697 2514 728 2564 et
756 2512 846 2563 vota:
876 2520 991 2579 super·

197 2600 380 2660 asscendit
395 2601 540 2661 omnium
557 2610 777 2660 creaturarum
789 2600 990 2677 dignitatem.

233 2697 396 2773 Attamen,
411 2715 452 2758 ne
468 2697 601 2758 omnino
618 2697 762 2774 ingratus
777 2697 849 2773 sim,
873 2698 989 2757 saltem

234 2795 267 2854 in
282 2797 410 2856 modico
425 2795 591 2872 regratiari
607 2804 715 2855 tantae
730 2795 852 2855 caritati
877 2804 988 2855 ettam

234 2910 361 2953 amarae
383 2893 527 2969 passioni
549 2903 623 2952 tuae
646 2893 796 2953 desidero
816 2908 875 2967 per
890 2893 990 2952 verba

235 2991 369 3051 devotae
398 2991 554 3050 orationis
583 3000 614 3050 et
642 2989 876 3064 meditationis,
905 3007 988 3066 quae

198 3097 268 3148 25tu
291 3088 503 3164 inspiraveris
525 3097 556 3147 et
579 3088 667 3148 cordi
686 3105 759 3147 meo
775 3087 887 3163 sapida
904 3087 988 3147 fece-

235 3185 296 3246 ris:
319 3195 479 3262 quatenus
495 3197 527 3246 et
542 3187 660 3246 exhinc
678 3186 802 3245 fructus
817 3186 987 3262 multiplex

234 3283 403 3360 proveniat
423 3283 549 3344 animae
565 3299 668 3357 meae,
689 3292 786 3359 atque
801 3283 857 3343 tibi
874 3284 986 3360 gratia-

234 3397 306 3438 rum
329 3379 412 3439 actio
435 3397 508 3439 cum
538 3380 683 3456 perlecto
712 3397 822 3441 amore
851 3383 986 3442 resultet

234 3476 305 3534 sine
329 3475 402 3534 linc.
446 3477 613 3537 Memento
636 3478 714 3552 mei,
738 3478 878 3538 Domine
902 3479 984 3554 lesu,

591 3581 633 3622 aar
