2114 4168
73 452 836 508 mmmmssffimfflfflw

76 587 165 664 ignis
187 588 287 648 divini
311 587 431 647 amoris
453 587 663 662 accendatur,
685 597 781 663 atque
803 586 836 645 in

76 684 837 746 vmammemsmmnmmummMn

76 783 199 843 teriora
228 800 300 843 mea
321 784 407 844 dulci
430 783 619 844 iubilatione
642 782 836 859 repleantur.

76 879 127 940 Tu
158 898 194 940 es
223 881 309 941 enim
339 883 463 942 clectus
493 881 673 957 discipulus
703 880 776 940 lesu
806 891 838 940 et

75 996 174 1039 meus
190 978 329 1039 dilectus
343 981 520 1056 apostolus
542 995 639 1056 quem
663 977 742 1039 mihi
765 994 860 1054 spe-s

76 1078 195 1138 cialem
225 1078 258 1137 in
281 1086 451 1153 patronum
476 1086 508 1135 et
529 1076 720 1136 advocatum
744 1076 837 1152 elegi,

76 1176 131 1236 cui
162 1176 258 1235 etiam
288 1175 428 1235 animam
458 1191 563 1234 meam
591 1174 836 1234 custodiendam

76 1282 231 1333 ettotam
254 1272 352 1334 vitam
378 1289 483 1332 meam
507 1272 737 1348 protegendam
762 1270 837 1331 lide·

76 1372 154 1432 liter
175 1380 207 1431 et
229 1372 346 1432 devote
369 1370 546 1431 committo.
587 1369 635 1428 Tu
661 1368 836 1445 plurimum

77 1479 172 1545 potes
194 1470 279 1545 apud
296 1470 417 1544 Regem
439 1468 571 1545 gloriae.
602 1467 745 1543 Ideoque
767 1483 837 1542 pre·
850 1483 874 1523 ro

78 1583 137 1626 cor
162 1575 209 1640 te,
238 1583 364 1625 memor
386 1575 456 1625 esto
479 1564 542 1624 mei
566 1563 747 1640 peccatoris
772 1562 837 1623 tuis

77 1664 201 1725 sanctis
218 1663 369 1740 precibus
385 1661 501 1722 faciem
517 1661 673 1738 placando
689 1661 733 1737 pii
751 1660 837 1722 Con·

78 1759 837 1834 ffimnsTuaDmemammmfflmpme

79 1855 838 1936 chmesmdoem,mafflmmm

79 1957 259 2033 unigenito,
276 1956 442 2015 incarnato
458 1953 689 2031 temporaliter,
704 1962 838 2013 vocatus
849 1977 873 2018 15

80 2071 117 2112 es
139 2064 172 2113 et
193 2053 371 2129 apostofico
388 2053 492 2113 ordini
516 2053 659 2113 insertus
675 2051 837 2129 praedica·

79 2150 180 2210 tionis
211 2150 356 2210 officium
389 2149 528 2210 fideliter
558 2149 750 2227 adimplesti.
792 2147 838 2208 Te

80 2247 237 2310 Christus
259 2265 316 2308 ore
338 2246 469 2324 proprio
491 2247 658 2322 instruxit,
680 2245 838 2306 mellifluo

78 2345 244 2422 colloquio
260 2343 465 2419 confortavit,
486 2343 520 2403 in
543 2343 606 2404 fide
622 2355 710 2404 recta
725 2345 838 2405 lunda-

78 2443 124 2503 vit
147 2453 180 2502 et
195 2443 353 2519 corporali
375 2460 434 2502 sua
449 2443 633 2518 praesentia
649 2443 873 2520 frequenterao

79 2539 276 2615 laetificavit,
297 2551 332 2601 tu
354 2559 372 2600 a
387 2541 524 2602 Christo
540 2542 640 2602 multa
660 2542 752 2618 signa
767 2542 837 2602 lieri

78 2638 183 2699 beatis
205 2638 310 2698 oculis
332 2639 549 2715 conspexisti,
576 2639 632 2699 tibi
656 2640 752 2700 etiam
775 2641 839 2701 vir·

77 2745 181 2796 tutem
198 2735 337 2796 faciendi
354 2736 520 2812 miracula,
540 2736 688 2797 infirmos
704 2737 837 2798 curandi

78 2834 324 2910 daemonesque
355 2834 496 2909 pellendi
529 2834 666 2894 contulit
698 2845 837 2910 potesta-

78 2930 871 3008 oemTumffimoemmmumwm

79 3028 232 3088 ardenter
253 3045 290 3088 es
305 3039 439 3089 secutus
454 3038 675 3105 paupertatem
692 3031 764 3090 eius
779 3032 838 3090 hu-

79 3125 315 3202 militatemque
329 3125 468 3186 libenter
480 3128 702 3203 amplexando.
724 3127 772 3188 Tu
783 3129 837 3187 ob-

80 3223 210 3299 probria
226 3224 430 3298 Iudaeorum,
452 3224 562 3284 odium
579 3241 709 3301 quoque
725 3225 837 3285 mundi

80 3322 118 3380 ab
148 3321 346 3381 amatoribus
376 3321 475 3381 huius
506 3323 627 3382 saeculi
657 3339 731 3382 cum
762 3324 836 3384 lesu

80 3419 240 3495 patienter
255 3419 409 3479 tolerasti.
433 3419 523 3495 Quin
539 3419 635 3480 etiam
652 3437 725 3478 cum
741 3419 873 3483 Chri-³0

79 3527 129 3578 sto
145 3517 278 3594 lapidari
302 3527 334 3578 et
357 3517 438 3576 mori
462 3527 592 3593 paratus
616 3516 704 3576 fuisti
727 3515 771 3576 ita
793 3517 837 3576 lo-

438 3622 476 3662 aar
