2118 4186
234 403 274 454 ffl
291 401 464 454 [SERMONES
477 403 515 444 DE
526 402 593 444 vlrn
605 402 639 444 ET
651 401 800 445 PASSIONE
812 401 927 453 DOMINI]
940 402 969 453 K&

235 547 311 598 sunt
332 537 549 611 obliviscens,
578 538 617 597 ad
639 536 801 597 anteriora
823 554 858 596 se
879 545 971 597 exten-

234 636 289 695 dit.
320 635 405 714 Quis
426 645 477 695 est
498 651 597 696 verus
612 634 763 695 Abrahae
779 634 890 696 lilius?
918 631 970 710 Qui

234 733 274 793 de
297 733 413 794 timore
435 733 562 808 servili,
588 732 622 792 in
645 733 826 794 libertatem
849 733 970 793 filiorum

235 831 296 891 Dei
312 831 448 907 prolicit.
476 830 561 906 Quis
577 840 627 890 est
644 848 743 891 verus
760 833 834 892 lesu
850 831 972 907 discipu-

211 929 313 988 tlus?
348 929 413 1005 Qui
437 928 589 989 omnibus
611 930 752 989 terrenis
772 930 915 1006 perfecte
935 944 972 987 re-

234 1028 375 1088 nuntiat:
407 1038 439 1088 et
470 1028 633 1104 propriam
666 1028 865 1087 voluntatem
896 1043 974 1086 suan

234 1126 398 1202 relinquit.
450 1126 535 1202 Quis
567 1136 617 1186 est
647 1126 764 1202 dignus
800 1125 914 1184 sedere
945 1123 975 1182 ud

234 1241 381 1284 mensam
405 1224 559 1286 Christi?
599 1223 665 1299 Qui
688 1233 804 1300 sponte
827 1240 864 1282 se
886 1222 976 1282 humi-

233 1323 289 1382 liat
318 1339 375 1397 pro
405 1339 515 1382 amore
539 1320 675 1383 Christi.
718 1320 804 1396 Quis
826 1329 877 1380 est
897 1328 977 1395 aptus

201 1439 224 1480 ro
234 1419 354 1479 intrare
377 1435 513 1494 regnum
537 1418 729 1479 caelorum?
764 1417 831 1493 Qui
855 1433 977 1494 regnum

234 1516 345 1576 mundi
376 1527 408 1576 et
436 1534 566 1576 omnem
595 1527 744 1586 ornatum
770 1516 892 1575 saeculi
915 1531 980 1574 con·

234 1614 358 1674 temnit.
390 1614 453 1674 Hic
476 1625 525 1675 est
547 1615 672 1675 amicus
693 1614 765 1689 Dei,
786 1614 871 1674 civis
892 1611 979 1672 caeli:

234 1722 265 1771 et
287 1712 440 1772 dominus
461 1714 584 1773 mundi.
627 1711 712 1789 Quis
734 1721 785 1771 est
810 1711 981 1771 idoneus

234 1811 510 1886 contemplari
542 1810 702 1870 faciem
733 1808 928 1882 Christi,
954 1815 981 1865 et

201 1918 404 1982 rspenetrare
436 1917 563 1968 secreta
593 1907 702 1967 caeli?
749 1906 816 1983 Qui
848 1905 982 1965 mundus

235 2015 284 2065 est
306 2007 414 2081 corde,
437 2005 583 2066 fervidus
604 2006 637 2065 in
661 2004 823 2065 oratione:
846 2021 882 2062 ac
903 2013 982 2062 totus

234 2103 372 2163 internis
401 2104 539 2164 deditus.
583 2104 668 2180 Quis
691 2104 761 2163 Deo
791 2103 927 2162 dilectus
956 2110 983 2159 et
1037 2129 1038 2134 κ

234 2202 417 2276 acceptus?
466 2202 531 2281 Qui
563 2203 709 2264 abiectus
740 2210 790 2262 est
821 2202 854 2261 in
886 2197 984 2259 oculis

234 2299 321 2358 suis:
344 2310 376 2359 et
399 2300 568 2376 vilipendit
590 2318 686 2360 omne
709 2300 795 2376 quod
818 2297 939 2359 transit.
1037 2385 1038 2388 Ἴ

198 2503 292 2562 20DE
316 2501 596 2567 ASCENSIONE
613 2505 708 2565 IESV
732 2505 776 2564 IN
795 2502 982 2566 CAELVM.

556 2655 669 2718 [xxxin
887 2603 888 2606 Ἴ

234 2733 462 2918 &scendo
483 2791 527 2850 ud
544 2792 668 2850 Putrem
691 2806 795 2850 meum
817 2795 849 2849 et
866 2791 983 2849 Patrem

265 2853 342 2921 υἷ’
366 2892 519 2958 vestrum,
556 2889 655 2948 Deum
692 2903 795 2947 meum
831 2893 864 2946 et
889 2888 983 2946 Deum

233 2988 369 3042 vestrum
405 2986 550 3045 alleluiu.
601 2985 866 3062 Benignissimus
899 2986 984 3045 lesus

197 3082 448 3142 25maerentium
473 3085 666 3158 consolator,
688 3093 860 3159 postquam
884 3095 984 3142 resur·

234 3179 317 3239 rexit
345 3198 363 3239 a
391 3181 545 3256 mortuis,
574 3199 632 3257 per
659 3181 884 3241 fidelissimam
907 3193 984 3239 ama-

233 3277 347 3336 tricem
364 3295 455 3336 suam
473 3277 610 3337 Mariam
627 3278 865 3354 Magdalenam,
887 3289 983 3338 novae

234 3375 348 3434 salutis
362 3375 479 3450 gaudia
493 3375 657 3435 mandavit
667 3375 809 3436 nuntiari
820 3374 984 3454 discipulis

234 3473 303 3531 suis
325 3473 365 3531 de
388 3482 491 3532 morte
514 3490 574 3532 sua
593 3474 807 3533 vehementer
821 3475 983 3534 contristo·

592 3577 632 3618 288

1038 2613 1040 2714 l

1038 2767 1040 2868 l
