2144 4194
186 441 227 492 &NJ
245 438 419 490 [SERMONES
431 439 470 482 DE
481 439 547 482 VITA
559 438 593 481 ΕΤ
607 437 755 482 PASSIONE
767 437 893 492 DOMINI]
906 438 952 490 ἴῃ)

188 573 431 633 incarnandum.
462 574 545 634 Nam
561 593 635 636 mox
657 584 692 634 ut
706 584 836 650 tempus
851 589 947 649 prae·

188 670 370 730 ordinatum
399 672 546 733 advenit:
577 673 692 749 angelo
723 672 881 732 edocente
912 680 947 730 et

189 766 294 826 Maria
304 769 541 844 consentiente,
557 769 629 830 sine
640 786 730 830 mora
741 770 832 828 Deus
843 769 946 828 homo

188 875 366 942 conceptus
390 866 446 927 iui.
475 867 559 927 Vide
575 884 651 944 ergo
670 865 945 926 inaestimabilem

164 961 396 1024 sdilectionem
425 981 548 1041 meam;
579 965 655 1041 quia
685 981 743 1041 pro
775 963 878 1023 salute
911 973 946 1022 et

188 1060 412 1137 redemptione
451 1062 594 1122 hominis
629 1072 716 1123 totus
752 1060 873 1121 exarsi:
911 1071 946 1121 et

188 1156 269 1217 nihil
292 1158 371 1218 utile
393 1169 448 1219 aut
462 1159 686 1219 necessarium
703 1158 764 1219 sibi
781 1159 946 1234 denegare

188 1255 287 1331 potui.

229 1352 258 1412 Ο
288 1353 315 1412 si
345 1370 432 1412 nunc
460 1353 726 1414 ardentissimum
753 1369 945 1412 cormeum

154 1450 334 1526 rovidereS‚
366 1460 398 1511 et
428 1452 542 1511 saltem
574 1451 606 1510 in
639 1452 766 1512 modico
795 1451 945 1511 divinum

189 1548 279 1608 illum
302 1566 446 1608 amorem
469 1566 566 1625 quem
589 1550 628 1609 ad
644 1560 675 1610 te
692 1566 769 1626 gero
785 1549 948 1625 sentires;

188 1663 408 1723 numquam
430 1647 476 1706 ab
498 1664 635 1707 amore
657 1647 837 1707 etlaude
859 1663 947 1706 ces·

189 1761 322 1804 sares:
358 1762 575 1821 numquam
612 1755 722 1805 tuum
758 1745 945 1805 laborem

190 1842 253 1901 vel
276 1843 461 1902 dolorem
483 1844 752 1919 ponderares.
790 1842 872 1902 Vide
893 1841 947 1902 in·

155 1961 179 2001 15
189 1939 291 1999 ternis
321 1939 394 1999 iidei
418 1939 522 1998 oculis
544 1941 719 2000 humanam
746 1949 778 1999 et
799 1939 945 2000 divinam

189 2047 335 2098 naturam
359 2038 391 2098 in
415 2056 512 2098 unam
534 2039 731 2098 convenisse
753 2056 947 2115 personam;

190 2144 222 2195 et
242 2135 503 2212 inseparabiliter
523 2153 716 2213 permanere
731 2137 815 2195 hanc
837 2138 946 2196 excel·

190 2232 404 2292 lentissimam
436 2233 608 2293 unionem:
641 2243 673 2293 et
703 2234 872 2309 specuiare
902 2233 947 2293 de

190 2340 326 2408 utraque
355 2341 469 2392 natura
497 2342 652 2408 quantum
683 2332 788 2408 placet
818 2341 850 2391 et
871 2348 947 2407 pos·

152 2428 284 2488 aosibile
313 2438 372 2488 est.
415 2429 498 2489 Nam
528 2429 561 2488 in
584 2446 636 2489 me
658 2428 838 2488 absconditi
868 2438 946 2489 sunt

189 2543 305 2586 omnes
320 2527 464 2586 thesauri
480 2525 660 2602 sapientiae
676 2526 754 2602 Dei3
770 2536 802 2586 et
815 2535 947 2602 praeter

190 2641 242 2684 me
264 2641 328 2684 non
352 2633 402 2683 est
424 2624 512 2683 salus
540 2623 691 2699 cuiquam
713 2622 853 2682 viventi:
882 2639 945 2682 nec

189 2738 266 2797 spes
288 2730 439 2781 aeternae
461 2721 546 2781 vitae
569 2720 730 2780 morienti.
773 2719 845 2780 Sint
867 2736 945 2796 crgo

189 2818 274 2877 oculi
303 2819 349 2878 tui
379 2835 511 2895 semper
539 2819 578 2878 ad
608 2836 677 2894 me,
708 2829 740 2879 et
768 2835 824 2878 cor
852 2827 944 2878 tuum

152 2924 317 2977 asmaneat
345 2915 429 2991 apud
459 2931 527 2974 me:
559 2924 591 2974 et
621 2931 721 2991 super
751 2915 860 2975 omnia
891 2916 946 2976 de·

189 3012 374 3072 siderabilia
396 3013 585 3089 requiescas
607 3013 640 3072 in
663 3030 725 3073 me.
767 3013 834 3090 Ego
856 3014 945 3074 enim

189 3127 261 3169 sum
292 3110 454 3170 Dominus
484 3111 575 3170 Deus
606 3121 682 3172 tuus
714 3111 768 3187 qui
801 3109 863 3170 ieci
897 3120 945 3171 te:

189 3218 221 3268 et
242 3218 389 3268 naturam
419 3217 506 3268 tuam
529 3209 691 3285 assumpsi
722 3217 757 3268 ut
779 3209 944 3269 traherem

189 3315 220 3365 te
248 3307 288 3366 ad
316 3323 379 3366 me.
421 3306 505 3366 Veni
535 3323 652 3366 secure
680 3306 720 3365 ad
745 3322 815 3365 me:
845 3304 946 3367 irater

152 3413 265 3467 aotuus
293 3420 384 3478 sum,
416 3403 497 3464 mori
528 3403 623 3463 etiam
656 3412 786 3479 paratus
814 3419 872 3478 pro
902 3412 944 3463 te.

190 3499 277 3578 Quid
307 3501 471 3564 moraris?
513 3499 644 3561 Accede
673 3500 808 3576 iestina3
837 3509 870 3559 et
898 3500 944 3560 di·

548 3604 585 3646 rao
