2114 4168
74 408 835 462 &ffiffiffiffluffiffiffiffl

76 553 131 604 tus
153 560 200 603 es.
241 541 289 602 Tu
313 541 490 601 Dominum
512 543 637 617 lesum,
663 551 833 618 postquam

76 641 189 702 multis
225 639 497 717 apparitionibuS‚
532 641 632 701 variis
667 641 769 717 signis
803 648 834 699 et

77 737 283 798 documentis
311 754 403 798 suam
430 739 650 799 declaraverat
671 754 835 797 resurrec-

76 835 212 911 tionem,
233 837 272 896 ad
295 837 403 896 caelos
425 853 555 896 sursum
579 836 656 896 ferri
677 853 713 895 ac
729 834 835 895 Patris

77 935 244 996 dexteram
267 934 389 1011 potenti
405 934 524 995 virtute
539 943 650 1011 petere
666 933 857 1010 aspexisti35

77 1043 210 1094 sanctos
229 1033 362 1110 angelos
377 1049 508 1109 quoque
530 1032 563 1091 in
585 1032 732 1092 vestibus
753 1031 835 1091 albis

76 1131 188 1191 vidisti
223 1139 416 1206 apparenter
447 1129 601 1190 assistere
635 1139 666 1190 et
696 1129 748 1189 his
779 1128 834 1204 qui

77 1227 177 1288 simul
206 1227 339 1288 aderant
366 1227 405 1287 ad
433 1235 497 1286 tarn
526 1229 648 1303 grande
669 1236 835 1304 spectacu·
903 1284 905 1288 .

78 1327 158 1400 lum,
179 1325 220 1385 de
241 1325 387 1385 secundo
406 1323 531 1385 Christi
554 1326 695 1387 adventu
717 1325 834 1386 audisti

78 1423 279 1483 reverendae
295 1422 473 1483 maiestatis
488 1423 587 1482 verba
606 1424 871 1500 praenuntiarem

78 1521 235 1582 dicentes.
276 1520 330 1581 Sic
352 1521 472 1598 veniet,
494 1521 766 1598 quemadmodum
790 1522 835 1582 vi-

79 1619 174 1679 distis
189 1637 263 1680 eum
281 1628 412 1679 euntem
428 1620 462 1679 in
477 1620 614 1679 caelum.
636 1617 684 1678 Tu
700 1618 835 1680 Christo

80 1726 247 1793 assumpto
267 1717 450 1794 ingloriam
468 1717 572 1778 Patris
587 1716 694 1777 statim
711 1734 835 1793 regres-

79 1832 137 1875 sus
167 1831 203 1875 es
231 1833 305 1875 cum
333 1815 450 1892 gaudio
479 1825 629 1874 amonte
652 1813 772 1876 Oliveti
802 1816 835 1875 in

79 1913 188 1973 locum
223 1913 370 1973 cenaculi
405 1912 552 1989 grandis,
588 1913 641 1972 ubi
675 1914 836 1973 Dominus
848 1931 872 1971 rs

77 2012 201 2087 pascha
230 2010 434 2071 sollemniter
462 2010 637 2071 celebravit
668 2029 742 2071 curn
772 2011 835 2072 dis·

76 2109 198 2186 cipulis
226 2118 258 2169 et
286 2107 393 2168 ianuis
421 2107 542 2168 clausis
570 2117 643 2184 post
672 2125 836 2168 resurrec-

75 2206 202 2267 tionem
234 2206 282 2266 eis
313 2205 460 2282 apparuit
490 2223 526 2265 ac
557 2206 614 2268 tibi
647 2207 742 2266 etiam
776 2224 836 2267 sua

76 2321 172 2365 sacra
192 2305 329 2364 vulnera
349 2305 508 2382 palpanda
529 2304 685 2364 exhibuit.
723 2304 835 2381 Ibique

76 2419 153 2462 cum
177 2401 282 2462 Maria
307 2411 410 2462 matre
432 2403 508 2462 lesu
533 2411 565 2462 et
586 2402 742 2478 apostolis
764 2403 872 2462 eiusao

76 2500 282 2561 familiariter
307 2502 348 2561 de
369 2499 545 2560 virtutibus
567 2509 598 2560 et
620 2501 746 2561 actibus
768 2501 835 2561 Sal·
933 2509 934 2512 ’

76 2597 200 2657 vatoris
216 2599 381 2660 contulisti
397 2608 494 2675 atque
509 2599 636 2659 devotis
654 2598 835 2658 insistendo

76 2695 231 2771 precibus
247 2695 387 2772 Spiritus
410 2696 512 2758 sancti
528 2697 703 2758 adventum
719 2713 835 2772 magno

76 2809 154 2851 cum
190 2792 353 2855 desiderio
390 2796 577 2872 expectasti.
630 2795 678 2854 Tu
714 2795 747 2854 in
783 2793 835 2853 die

76 2899 192 2950 sancto
213 2901 421 2967 pentecostes
444 2893 600 2970 Spiritum
627 2902 774 2951 sanctum
802 2890 872 2951 inas

76 2987 200 3064 linguis
228 2989 333 3066 igneis
362 2992 515 3068 accepisti
545 3001 577 3052 et
603 2989 749 3050 omnium
776 2988 836 3047 lin-

76 3103 214 3163 guarum
244 3088 381 3149 scientia
409 3088 600 3165 plenissime
629 3087 772 3147 imbutus
799 3101 836 3143 es

77 3185 293 3263 omniumque
315 3187 504 3247 caelestium
531 3187 687 3246 virtutum
715 3183 836 3243 charis-

77 3283 219 3343 matibus
239 3284 422 3361 largissime
442 3285 586 3361 repletus
605 3299 640 3342 ac
656 3290 744 3341 tanto
761 3280 834 3340 lidei

77 3381 175 3442 etiam
192 3382 300 3441 calore
322 3400 491 3458 accensus,
513 3392 548 3443 ut
569 3380 657 3442 omni
680 3388 769 3439 metu
786 3379 873 3440 luao

77 3480 233 3539 daeorum
250 3482 384 3542 excluso
399 3481 535 3541 verbum
550 3479 609 3540 Dei
627 3496 701 3538 cum
718 3477 836 3538 fiducia

438 3586 479 3628 aar
687 3582 730 3625 25*
