2122 4196
235 460 276 511 ὦ
307 455 476 500 memmio
493 456 532 498 DE
548 453 779 498 INCARNATIONE
793 453 920 497 CHRISTI
953 455 994 506 K&
1047 427 1048 462 ἶ

237 592 432 668 Dominum3
461 600 580 668 quanto
609 587 712 664 magis
741 604 814 647 cum
841 598 992 649 mortuus
1053 615 1054 623 κ

237 691 357 751 fuero?
389 690 583 749 Perseverat
605 689 686 747 haec
702 685 870 744 obduratio
887 702 993 762 usque
1049 741 1054 756 ¹,

236 786 333 847 hodie
349 786 382 846 in
402 797 444 862 te,
467 796 498 847 et
520 785 553 845 in
569 784 696 845 semine
711 793 776 844 tuo.
814 782 901 844 Cum
918 800 994 845 con·
1050 807 1054 816 =

236 902 354 946 versus
377 884 496 959 fuerh,
519 882 783 959 repropitiabitur
802 880 860 941 tibi
885 882 993 940 Deus:
1050 881 1054 940 ’ς

213 983 321 1045 ssicut
356 993 388 1042 et
419 981 538 1042 ceteris
572 980 734 1057 gentibus,
786 979 994 1040 Convertere
1053 1005 1054 1042 1

237 1091 429 1142 convertere
445 1081 483 1140 ad
500 1079 677 1139 Dominum
695 1079 803 1138 lesum
820 1076 993 1138 Christum

239 1180 354 1239 lsrael:
384 1188 416 1239 et
437 1195 503 1238 non
525 1177 591 1237 eris
621 1177 704 1237 ultra
725 1174 935 1251 obprobrium
961 1174 993 1233 in
1053 1233 1054 1240 χ

236 1277 398 1355 gentibus.
1049 1258 1052 1277 '

135 1406 218 1438 cnvsn
281 1373 354 1433 Duo
383 1383 460 1433 sunt
488 1373 575 1433 enim
605 1389 688 1449 quae
710 1382 742 1432 te
764 1371 940 1447 praecipue
963 1370 995 1428 in

136 1460 217 1545 affin
238 1470 374 1546 perfidia
395 1470 557 1530 detinent:
587 1487 678 1530 amor
699 1467 939 1545 temporalium,
964 1476 996 1527 et

127 1566 378 1652 wgtffcamalis
407 1584 526 1627 sensus
555 1567 588 1627 in
618 1566 798 1642 scripturis
840 1563 994 1626 Attamen

239 1667 312 1726 leva
335 1667 512 1726 Ierusalem
542 1664 576 1724 in
605 1664 743 1725 circuitu
766 1662 880 1723 oculos
901 1672 995 1721 tuos:

240 1774 271 1825 et
293 1764 367 1824 vide
389 1765 488 1825 lsrael
511 1783 682 1825 numerum
701 1765 826 1826 Christi
849 1763 994 1823 fidelium

239 1879 299 1938 per
326 1871 426 1922 totum
458 1863 615 1922 mundum
645 1863 828 1938 dilatatum3
859 1871 891 1921 et
923 1878 995 1920 eru-

206 1985 230 2024 15
239 1961 338 2019 besce
353 1976 512 2020 erroneus
529 1977 660 2036 semper
674 1959 831 2020 inveniri:
853 1959 909 2036 qui
927 1975 995 2018 cre·

240 2058 346 2118 dendo
361 2057 484 2134 poteris
499 2068 688 2134 perpetuam
700 2059 837 2118 salutem
849 2055 996 2132 adipisci.

241 2153 315 2214 Non
346 2165 378 2214 te
410 2154 553 2216 offendat
584 2156 755 2217 multitudo
785 2155 998 2231 neglegenter

241 2252 433 2329 viventium,
455 2253 510 2329 qui
533 2253 728 2329 paenitendo
747 2262 885 2328 possunt
900 2251 996 2312 citius

241 2352 375 2428 corrigi:
405 2352 462 2411 sed
491 2351 651 2411 bonorum
673 2351 775 2427 magis
804 2350 996 2410 christiano·

204 2468 313 2516 2orum
329 2450 478 2525 exempla
493 2448 638 2525 intuere3
660 2465 798 2526 quorum
814 2448 904 2508 milia
922 2459 954 2508 et
969 2447 996 2507 si

241 2552 403 2610 humanos
418 2548 531 2607 oculos
554 2548 668 2607 latent:
691 2564 868 2624 numquam
888 2556 996 2607 tamen

242 2649 274 2708 in
298 2646 439 2706 ecclesia
460 2645 622 2705 deficient.

283 2745 347 2806 Sed
370 2745 433 2803 iam
457 2743 592 2803 dimissa
613 2743 706 2803 turba
730 2742 935 2818 ludaeorum,
959 2741 997 2801 ad

244 2844 414 2908 Christum
427 2851 618 2901 convertere
628 2841 735 2902 anima
745 2857 831 2900 mea:
840 2839 916 2917 quia
926 2840 996 2917 ipse

205 2943 332 3005 assalus
354 2949 386 3000 et
408 2939 588 3015 redemptio
611 2950 674 2999 tua.
718 2938 751 2999 Si
775 2939 909 2998 credere
932 2954 996 2998 non

243 3040 312 3099 vult
335 3039 474 3099 Iudaeus
498 3047 532 3097 tu
555 3037 618 3097 fide
640 3047 705 3097 sta:
735 3037 810 3114 quia
833 3036 926 3095 lesus
950 3042 999 3094 est

244 3137 331 3197 filius
347 3136 420 3211 Dei,
435 3135 487 3195 cui
503 3134 726 3196 testimonium
743 3135 916 3210 perhibent
931 3151 997 3194 om·

243 3252 303 3295 nes
326 3235 503 3310 prophetae
522 3232 679 3293 divinitus
694 3231 886 3308 praemoniti
903 3242 935 3292 et
951 3232 996 3291 in-

244 3332 366 3409 spirati.
397 3331 527 3409 Quibus
549 3330 576 3391 si
599 3330 771 3390 crederent
787 3330 907 3405 ludaei,
930 3346 996 3390 cre·

208 3432 360 3494 eoderent
390 3440 422 3490 et
450 3429 619 3505 evangelio
650 3427 789 3490 Christi:
821 3427 906 3487 sicut
933 3426 997 3486 illis
1053 3503 1054 3508 ἵ

245 3529 380 3590 dicebat.
417 3527 451 3588 Si
474 3527 652 3587 crederetis
670 3525 796 3603 Moysi:
820 3525 996 3585 crederetis

609 3631 636 3673 zo
