2144 4194
49 425 394 478 &mm
430 426 475 478 [17]
508 426 830 480 &immid

57 557 173 635 opere'
195 568 227 619 et
249 576 403 619 sermone
425 560 530 620 bono:
559 561 699 637 loquens
721 560 761 620 de
783 577 831 620 re-

57 674 135 733 gno
160 657 232 732 Dei,
254 657 451 718 dissuadens
472 658 594 718 saeculi
617 658 734 735 gaudia
748 659 833 734 peri·

10 799 15 802 -
58 766 160 815 tura:
191 753 322 830 collegit
350 754 518 830 simplices
547 766 579 814 et
607 755 767 830 humiles,
796 773 832 815 ac

61 851 264 912 fastidiosos
286 851 405 912 divites
427 851 551 912 dimisit
573 852 698 912 inanes.

109 950 253 1025 Depone
285 965 361 1026 ergo
393 959 425 1009 et
457 958 490 1009 tu
523 966 653 1010 omnem
682 950 854 1012 inutilems

61 1046 330 1107 sollicitudinem
347 1063 457 1107 rerum
474 1047 713 1123 temporalium,
729 1049 768 1108 de
785 1049 832 1109 iu-

58 1145 156 1206 turis
171 1146 386 1220 proventibus
396 1146 528 1222 penitus
543 1158 574 1206 te
586 1147 832 1222 exoccupando:

16 1300 18 1302 ,
60 1243 157 1304 iacta
186 1253 294 1304 autem
324 1244 498 1321 cogitatum
520 1254 613 1304 tuum
635 1244 668 1304 in
692 1243 833 1304 Domino

9 1389 10 1392 η
60 1341 230 1402 caelestia
247 1341 443 1402 meditando.
476 1341 546 1401 Nec
561 1358 620 1416 pro
636 1341 834 1402 necessariis

62 1439 160 1498 vitae
183 1456 280 1499 avare
309 1440 454 1500 labores:
484 1449 518 1500 ut
546 1441 692 1500 abundes
721 1441 754 1500 in
779 1457 833 1516 po·
845 1462 869 1503 10

61 1547 211 1597 sterum.
256 1537 411 1599 Permitte
441 1546 474 1598 et
502 1539 584 1599 alios
605 1557 664 1615 pro
689 1555 725 1598 se
748 1538 834 1597 labo-

9 1691 10 1694 ,
62 1652 165 1694 rare:
197 1644 233 1696 ut
263 1635 403 1695 babeant
434 1635 521 1696 unde
550 1637 671 1697 vivant.
721 1634 834 1695 Potius

63 1734 187 1792 labora
214 1749 272 1808 pro
294 1732 402 1792 anima
423 1741 492 1808 tua,
521 1744 553 1792 et
582 1751 639 1810 pro
661 1732 763 1810 gratia
784 1749 834 1792 ac-

15 1871 20 1878 ·
64 1830 252 1906 quirenda:
281 1845 377 1905 quam
410 1841 444 1890 ut
471 1847 546 1891 caro
568 1831 653 1891 bene
675 1840 835 1907 pascatur,

9 1969 15 2006 3
65 1927 244 1988 vermibus
274 1928 485 1988 corrodenda.
527 1929 610 1989 Vide
633 1946 674 1989 ne
696 1928 833 1989 nimium
846 1955 870 1994 15

9 2077 14 2086 .
66 2042 135 2100 pro
164 2025 399 2100 temporalibus
428 2026 586 2086 desudes:
616 2037 648 2087 et
678 2026 711 2085 in
741 2026 834 2102 spiri-

68 2123 219 2182 tualibus
252 2123 417 2183 exercitiis
446 2134 477 2184 te
499 2126 662 2202 neglegas,
706 2124 833 2184 Bonum

10 2260 12 2268 ,
70 2229 128 2279 est
143 2237 302 2296 quaerere
318 2238 492 2282 commune
507 2223 646 2282 bonum:
668 2222 726 2282 sed
742 2221 835 2298 spiri·

69 2319 140 2377 tale
163 2317 266 2395 magis
288 2335 385 2395 quarn
413 2328 590 2380 terrenum.
634 2320 762 2380 Bonum
786 2330 835 2378 est

71 2414 110 2474 in
133 2415 254 2475 sudore
276 2417 387 2477 vultus
410 2417 508 2477 edere
530 2434 664 2493 panem:
687 2418 745 2477 sed
768 2417 870 2482 nolieo

72 2512 227 2573 oblivisci
257 2515 350 2589 panis
382 2515 544 2575 caelestis.
593 2516 693 2576 Vtere
725 2516 834 2576 labore

74 2620 133 2669 tuo
157 2610 191 2670 in
214 2611 330 2672 diebus
352 2613 503 2673 vanitatis
526 2623 600 2673 tuae
622 2613 665 2673 ait
681 2613 835 2690 Sapiens:

76 2724 120 2766 ne
143 2708 227 2769 forte
251 2709 374 2770 bomini
398 2710 503 2771 otioso
526 2720 558 2770 et
579 2711 703 2787 ingrato
727 2711 836 2770 omnia

75 2805 231 2866 dimittas.
263 2807 338 2867 Non
360 2809 451 2868 vales
473 2818 506 2868 tu
529 2807 620 2868 solus
643 2824 758 2868 omnes
781 2824 835 2883 po·

74 2913 185 2964 steros
215 2903 333 2964 ditare:
363 2922 423 2965 nec
454 2914 570 2965 cuncta
599 2906 715 2965 damna
745 2922 871 2980 prae-25

75 3018 205 3063 cavere.
247 3000 348 3062 Stude
369 3002 478 3078 potius
500 3013 626 3078 postte
649 3002 835 3078 relinquere

75 3098 264 3175 exemplum
297 3099 445 3159 virtutis:
476 3116 572 3176 quam
604 3099 835 3160 sufficientiam

74 3197 200 3258 terreni
230 3215 360 3258 census.
403 3197 492 3275 Quid
521 3198 587 3258 scis
618 3215 658 3258 an
688 3199 836 3274 expediat

75 3295 133 3356 tibi
165 3306 198 3355 et
227 3296 299 3356 aliis
327 3296 468 3372 amplius
497 3298 642 3357 habere?
685 3297 760 3357 Noli
789 3298 836 3356 in-

11 3387 15 3482 l
76 3403 147 3454 tuta
162 3393 359 3454 desiderare.
383 3394 466 3454 Nam
483 3393 646 3454 desiderio
658 3411 872 3471 numquamno

77 3491 159 3552 satis
182 3490 259 3551 erit:
289 3508 350 3552 nec
372 3491 571 3569 extinguitur
593 3493 710 3568 cupido
732 3493 836 3568 pretio

104 3599 223 3640 Thomaea
234 3595 260 3640 K.
273 3594 356 3650 Opera.
369 3595 409 3640 lll.
444 3597 478 3638 ldl
707 3598 727 3639 ll
