2144 4194
52 480 373 533 mmmm
416 480 447 532 [4]
488 478 809 531 &ww

53 620 85 672 et
113 613 232 673 laetare
262 612 329 673 lilia
357 611 453 688 Sion,
483 611 583 672 iubila
613 612 807 672 Ierusalem:

55 710 127 786 quia
147 711 246 770 hodie
269 728 330 787 pax
352 727 430 771 vera
451 709 621 770 descendit
642 710 682 769 de
698 709 808 784 caelis,

54 808 90 868 ad
119 808 356 885 pacificandum
387 817 418 867 et
446 806 693 867 instaurandum
724 822 807 882 quae

53 907 206 968 incaelis
228 916 306 967 sunt
334 914 367 967 et
388 922 472 982 quae
494 905 527 964 in
549 903 656 965 terris.
698 903 806 963 Hodie

53 1004 104 1064 lux
123 1022 203 1065 vera
225 1003 330 1065 illuxit
352 1021 452 1079 super
466 1011 602 1063 terram:
625 1011 660 1061 ut
675 1018 829 1061 omnems

53 1103 216 1163 hominem
248 1101 447 1162 illuminaret
478 1101 511 1160 in
542 1116 578 1160 se
607 1098 805 1158 credentem.

53 1199 156 1260 Hodie
179 1200 264 1260 iacta
286 1209 336 1259 est
357 1199 479 1259 laetitia
501 1216 616 1275 magna
638 1198 671 1257 in
688 1198 805 1258 lsrael:

52 1297 121 1372 quia
157 1307 254 1357 natus
284 1307 335 1357 est
366 1296 521 1358 Christus
557 1297 590 1356 in
622 1296 804 1356 Bethleem.

52 1394 154 1455 Hodie
176 1412 236 1472 per
257 1405 360 1457 totum
383 1396 540 1456 mundum
563 1393 711 1454 melliflui
729 1393 802 1454 facti

51 1501 122 1551 sunt
151 1493 250 1569 caeli3
279 1494 355 1571 quia
381 1510 421 1554 ex
448 1511 504 1554 ore
527 1493 695 1553 doctorum
718 1509 839 1551 ema-ro

51 1601 124 1652 nant
138 1609 311 1652 sermones
326 1591 531 1651 suavissimi:
552 1589 639 1649 unde
655 1607 803 1650 recrean-

51 1697 100 1748 tur
113 1689 244 1766 infirmi,
265 1690 475 1768 consolantur
490 1689 597 1749 devoti
607 1706 616 1764 ;
638 1689 803 1749 instruun-

50 1794 99 1845 tur
128 1787 248 1864 ignari,
280 1787 462 1847 excitantur
489 1786 588 1863 pigri:
619 1785 803 1846 animantur

51 1881 169 1961 fideles,
191 1894 224 1944 et
246 1883 491 1945 confunduntur
512 1883 683 1944 increduli.

89 1981 193 2042 Hodie
204 1983 349 2043 exultant
364 1982 480 2059 angeli,
496 1983 656 2043 laetantur
668 1983 801 2042 archan·
812 2000 837 2041 rs

49 2080 124 2154 geli:
146 2090 178 2141 et
200 2098 316 2141 omnes
338 2081 414 2142 iusti
437 2081 471 2141 in
487 2079 660 2141 devotione
676 2089 752 2139 sunt
770 2087 801 2138 et

49 2177 159 2251 gaudio
175 2178 323 2254 spiritali.
355 2178 462 2239 Hodie
485 2195 549 2238 nox
571 2194 730 2238 conversa
752 2188 802 2239 est

50 2272 80 2333 in
100 2276 185 2336 diem
208 2286 241 2336 et
261 2276 439 2336 claritatem
462 2293 627 2353 magnam:
650 2275 726 2352 quia
747 2292 801 2335 ex-

50 2382 148 2433 ortum
171 2384 222 2434 est
241 2374 275 2434 in
291 2373 435 2434 tenebris
450 2374 562 2434 lumen
578 2373 676 2434 rectis
692 2374 800 2450 corde,

50 2469 233 2532 misericors
247 2480 279 2532 et
295 2472 467 2532 miserator
478 2471 649 2531 Dominus.
673 2470 721 2531 Sit
735 2487 835 2531 noxao

12 2641 13 2648 ἵ
50 2565 105 2628 ista
119 2569 152 2630 in
166 2580 360 2646 perpetuum
377 2569 563 2630 benedicta:
581 2579 613 2628 et
628 2568 714 2629 inter
728 2569 798 2630 dies

51 2665 221 2728 sollemnes
243 2676 436 2744 computata.
466 2666 668 2727 Benedicent
690 2666 719 2726 ei
742 2667 797 2744 qui

50 2760 238 2826 benedicere
267 2765 374 2825 solent
402 2765 484 2841 diei;
513 2774 545 2825 et
573 2764 705 2824 laudent
726 2781 796 2824 eam

51 2875 157 2922 omnes
188 2862 244 2923 lilii
274 2863 374 2922 lucis:
402 2862 478 2939 quia
506 2871 602 2922 natus
629 2871 679 2922 est
704 2861 798 2922 inea

52 2955 199 3020 Christus
232 2959 320 3020 lilius
349 2959 410 3020 Dei
440 2960 494 3020 lux
523 2968 674 3020 aeternae
704 2959 833 3020 lucisas

52 3052 117 3115 Non
139 3056 181 3117 sit
203 3059 284 3117 haec
306 3074 371 3117 nox
393 3057 552 3119 solitaria:
574 3074 635 3117 nec
658 3074 676 3116 a
697 3057 797 3117 laudi-

51 3151 104 3212 bus
131 3154 246 3215 aliena
289 3155 364 3215 Non
393 3156 436 3216 sit
462 3156 617 3232 obscura3
645 3156 704 3215 sed
725 3155 797 3215 illu-

14 3233 16 3252 ’
53 3259 164 3312 stretur
194 3252 317 3313 lumine
349 3253 506 3329 desuper:
537 3263 633 3330 atque
664 3253 697 3313 in
726 3253 797 3313 uni-

52 3363 138 3409 versa
179 3350 319 3410 ecclesia
363 3351 582 3411 accendantur
625 3351 797 3411 luminaria

53 3446 151 3507 multa.
194 3447 249 3508 Nil
277 3447 311 3507 in
340 3464 379 3507 ea
406 3459 628 3524 praetereatur
650 3449 736 3525 quod
757 3448 832 3511 adso

54 3542 194 3605 decorem
217 3545 290 3605 eius
312 3545 467 3622 pertinet:
489 3547 548 3607 sed
569 3563 675 3623 usque
693 3547 732 3606 ad
747 3563 797 3606 or-

405 3652 432 3693 85
509 3647 511 3652 .
