2114 4168
211 420 331 472 &m
359 419 532 463 ORATIONES
549 420 588 461 DE
602 417 679 460 ALIIS
695 417 822 462 saneris
848 419 972 471 &Nm

212 570 317 629 quens
345 555 384 612 ad
411 553 663 629 condiscipulos.
706 553 825 612 Eamus
852 561 885 612 et
910 569 974 612 nos

212 662 244 710 et
265 651 443 710 moriamur
465 668 538 710 cum
562 650 628 709 illo.

252 748 300 809 Tu
311 749 344 808 in
356 766 437 808 cena
448 748 620 807 Dominica
632 748 671 807 ad
682 764 829 808 mensam
842 747 971 808 Christi
1036 795 1037 832 ,

212 857 375 922 tamquam
392 863 478 906 unus
491 863 530 905 ex
542 845 692 904 caelestis
705 845 803 921 Regis
821 845 972 905 convivis

189 961 285 1004 scum
309 943 465 1020 apostolis
487 943 626 1003 cenasti:
649 951 746 1019 atque
761 953 835 1019 post
850 959 970 1020 agnum

212 1041 356 1118 typicum
379 1041 622 1100 sanctissimum
647 1039 771 1101 Christi
797 1058 919 1117 corpus
941 1052 973 1100 et

212 1138 972 1215 sanguinemdesanctisetbenedictismanibus

212 1236 284 1295 eius
306 1236 401 1312 plena
424 1235 486 1296 nde
511 1246 543 1295 et
569 1252 685 1311 magna
707 1236 892 1296 reverentia
922 1253 972 1295 ac·

212 1333 337 1409 cepisti.
359 1333 407 1392 Tu
424 1334 467 1392 ibi
479 1351 497 1392 a
509 1332 644 1394 Christo
660 1349 789 1392 summo
800 1334 972 1394 sacerdote

178 1453 203 1494 ro
213 1432 251 1491 ad
267 1442 390 1492 tantum
414 1432 607 1508 mysterium
625 1432 856 1491 celebrandum
872 1432 906 1491 in
922 1449 972 1491 sa-

213 1530 377 1590 cerdotem
400 1529 477 1589 novi
494 1529 678 1589 testamenti
702 1541 914 1588 consecratus
935 1546 973 1589 es

213 1639 244 1687 et
266 1645 284 1686 a
299 1644 428 1687 summo
443 1626 596 1703 pontifice
613 1627 688 1686 lesu
710 1627 743 1686 in
758 1637 923 1702 pastorem
940 1639 974 1687 et

213 1725 402 1801 episcopum
425 1725 605 1784 animarum
629 1724 772 1784 fidelium
791 1725 973 1786 ordinatus.

211 1821 282 1882 Tibi
313 1822 468 1883 Christus
497 1833 570 1882 tuos
600 1821 749 1898 dignatus
780 1833 830 1882 est
862 1823 973 1882 lavare

178 1919 313 1995 rspedcs
336 1921 520 1996 exemplum
548 1920 679 1981 tradens
708 1937 787 1979 suae
808 1922 972 1982 maximae

213 2017 414 2092 humilitatis,
437 2029 613 2094 perpetuae
628 2017 813 2077 dilectionis
831 2018 973 2094 insigne,
1040 2068 1041 2092 ,

213 2115 335 2175 docens
362 2126 393 2175 et
421 2115 475 2175 tali
502 2114 659 2192 mysterio
682 2114 819 2175 affectus
842 2116 972 2175 animae

213 2213 340 2273 avitiis
363 2231 438 2272 esse
460 2213 674 2273 mundandos.
709 2212 756 2272 Tu
779 2214 820 2273 de
843 2213 972 2275 Christi

213 2311 400 2387 traditione,
427 2312 592 2386 discessu,
619 2312 771 2387 passione
796 2329 833 2370 ac
855 2322 973 2386 morte,

176 2425 309 2484 zoquam
333 2410 436 2484 palam
459 2409 632 2485 praedixit,
658 2411 873 2469 vehementer
895 2425 972 2468 con-

213 2508 358 2568 tristatus
387 2524 423 2568 es
449 2517 594 2583 paratum
617 2507 741 2566 habens
763 2506 908 2565 animum
939 2517 973 2565 et

213 2605 246 2664 in
260 2621 424 2664 carcerem
441 2615 472 2664 et
487 2605 520 2664 in
537 2615 673 2664 mortem
690 2621 763 2663 cum
781 2603 852 2679 ipso
868 2613 972 2663 trans-

213 2703 271 2777 ire,
293 2702 566 2778 quemadmodum
590 2713 621 2761 et
645 2701 743 2760 ceteri
768 2718 884 2761 omnes
907 2701 973 2760 dis-

214 2799 310 2874 cipuli
332 2800 493 2859 dixerunt.
519 2799 624 2874 Vnde,
644 2799 730 2875 quod
748 2809 826 2858 tunc
841 2798 973 2875 dispen-

177 2916 204 2956 25
214 2897 316 2957 sative
338 2907 393 2956 tuo
416 2907 567 2972 negatum
598 2895 658 2955 fuit
679 2895 829 2970 affectui,
858 2905 973 2972 postea

215 2994 396 3055 ferventius
424 2994 610 3070 triumphali
640 2993 792 3069 passione
819 3011 973 3053 consum·

214 3092 318 3152 masti.
350 3091 398 3152 Tu
415 3092 550 3154 Christo
573 3091 813 3151 sermocinante
835 3103 867 3151 et
890 3093 972 3151 mul-

214 3199 278 3249 tam
301 3191 557 3250 consolationem
580 3190 737 3249 adversus
752 3188 865 3248 mundi
882 3206 972 3265 pres·

214 3305 308 3348 suras
337 3288 523 3364 proferente
553 3287 659 3363 ipsum
687 3288 726 3347 de
749 3287 886 3347 transitu
910 3304 971 3347 suo

178 3389 253 3447 soad
277 3388 405 3447 Patrem
429 3387 546 3447 fiducia
567 3387 703 3446 devotae
726 3385 845 3446 mentis
872 3385 971 3443 inter·

215 3484 332 3558 rogasti
363 3484 485 3543 dicens.
529 3484 684 3556 Domine,
712 3483 879 3543 nescimus
906 3499 971 3559 quo

573 3587 613 3628 aaz
