2118 4186
74 430 404 486 ΘΒὲΘΒἚΘΒὲΘΒἚ
441 431 485 481 [31]
519 429 840 482 Μῶϊῶίῶϊὶῦἱῶϊῶ

75 575 170 624 ceret
202 581 264 624 nos
293 575 422 624 terrena
451 564 638 640 despicere,
669 573 701 623 et
731 579 839 622 amare

75 661 245 722 caelestia.
292 661 384 722 Altas
415 661 512 739 igitur
540 661 654 720 laudes
682 660 840 719 debemus

75 759 215 819 caelesti
241 760 343 835 Patri,
373 760 427 836 qui
458 757 698 818 conviviticavit
724 775 785 817 nos
807 757 840 816 in

76 857 201 917 dilecto
225 856 291 916 lilio
314 874 374 916 suo
396 857 429 916 in
453 873 550 916 carne
570 873 667 932 passo
691 865 722 915 et
738 856 841 914 cruci·

76 954 163 1030 lix03
193 954 287 1014 cuius
316 955 419 1014 livore
448 954 551 1014 sanati
581 970 713 1028 sumus,
742 963 774 1012 et
802 954 864 1012 abs

76 1064 215 1113 aeterna
250 1063 355 1112 morte
386 1052 458 1112 eius
489 1052 656 1111 innocenti
687 1052 841 1127 passione

76 1152 229 1212 liberati:
258 1163 354 1227 atque
384 1151 501 1211 iterum
534 1152 573 1212 de
604 1149 842 1228 gloriosissima

78 1250 326 1309 resurrectione
349 1249 421 1309 eius
443 1250 614 1327 magnifice
638 1250 805 1309 laetemur.

124 1348 310 1408 Praecessit
332 1349 424 1408 dolor
446 1349 535 1409 dirae
557 1348 671 1407 mortis
694 1347 726 1406 in
746 1345 842 1407 Chri·

78 1456 149 1521 sto,
179 1446 312 1506 solvens
340 1445 528 1507 inimicitias
553 1444 842 1523 praevaricationis
854 1463 878 1502 ro

79 1545 252 1620 antiquae:
275 1554 307 1603 et
329 1561 444 1603 omnes
464 1545 601 1604 abluens
616 1543 760 1604 maculas
776 1542 842 1601 cul-

79 1659 143 1717 pae
181 1652 321 1702 nostrae.
376 1641 495 1702 Secuta
530 1653 581 1702 est
615 1639 843 1702 inenarrabilis

80 1739 226 1799 laetitiae
249 1740 397 1813 dulcedo,
419 1752 451 1800 et
471 1740 594 1816 gloriae
609 1738 764 1815 perennis
780 1737 843 1796 cel-

82 1837 214 1912 situdo;
249 1855 332 1914 quae
363 1838 516 1897 omnibus
552 1838 585 1896 in
618 1837 754 1899 Christo
785 1851 844 1912 per

82 1934 282 2010 baptismum
319 1936 440 1995 renatis
475 1936 602 1996 dabitur
637 1946 710 2011 post
744 1934 843 1993 huius
855 1953 879 1992 15

83 2032 199 2092 mundi
229 2032 379 2093 exilium:
411 2044 574 2110 tamquam
604 2032 844 2094 revertentibus

84 2147 126 2189 ex
149 2129 298 2206 Aegypto
325 2132 364 2191 ad
390 2132 531 2208 paradisi
553 2132 716 2209 gaudium.
760 2130 842 2188 Nam

83 2245 144 2303 per
175 2227 244 2287 veri
276 2227 360 2305 Agni
396 2229 652 2289 immolationem
689 2229 844 2287 liberatus

85 2335 136 2385 est
158 2325 337 2401 spiritualis
354 2327 453 2387 lsrael
476 2328 516 2387 de
536 2326 720 2402 captivitate
736 2326 845 2385 diabo-

85 2424 168 2484 licae
189 2424 421 2484 damnationis:
445 2435 476 2484 et
498 2442 604 2484 novus
620 2424 681 2484 Dei
704 2424 880 2500 populusao

85 2520 118 2580 in
140 2521 323 2582 libertatem
339 2523 491 2582 caelestis
512 2522 721 2582 habitationis
742 2532 845 2581 trans-

85 2619 138 2694 iit3
167 2619 244 2695 quia
267 2619 422 2680 Christus
449 2637 625 2695 resurgens
647 2635 688 2679 ex
707 2618 845 2678 mortuis

86 2727 183 2777 vetus
198 2720 319 2793 pascha
334 2717 367 2777 in
382 2734 504 2777 novum
521 2716 696 2776 convertit:
719 2727 750 2776 et
765 2727 844 2776 tem-

86 2816 232 2890 poralem
254 2815 353 2876 vitam
374 2815 538 2875 transtulit
552 2815 585 2874 in
601 2815 843 2891 sempiternam.

87 2915 181 2973 Bene
193 2930 269 2990 ergo
286 2914 452 2989 apostolus
467 2913 554 2987 dicit,
570 2922 602 2972 et
617 2923 728 2972 sancta
743 2923 845 2972 mater
854 2933 880 2973 25

86 3011 229 3071 ecclesia
249 3012 428 3087 gaudenter
450 3012 570 3087 ubique
593 3012 750 3071 decantat.
788 3010 846 3069 Pa-

85 3111 168 3168 scha
201 3118 349 3168 nostrum
381 3110 568 3169 immolatus
599 3120 649 3169 est
681 3109 845 3170 Christus.

88 3208 228 3283 Semper
258 3206 355 3282 igitur
385 3224 550 3267 memores
581 3224 656 3267 esse
688 3208 846 3267 debemus

88 3305 260 3364 dolorosae
277 3304 402 3366 Christi
423 3305 587 3380 passionis
609 3322 670 3365 nec
693 3321 758 3363 non
781 3314 844 3363 tam

88 3402 251 3461 iucundae
271 3402 343 3462 eius
359 3402 610 3462 resurrectionis
625 3419 683 3477 pro
699 3401 845 3460 consola·
855 3421 882 3460 ao

90 3501 178 3560 tione
200 3511 331 3561 nostrae
353 3499 573 3575 mortalitatis;
596 3509 630 3559 ut
650 3516 708 3576 per
722 3499 845 3575 patien-

449 3605 490 3646 285
