2144 4194
117 483 448 538 &ww
483 486 529 538 [14]
563 486 884 540 wmfflffl

119 626 213 678 strae
228 619 404 694 perspexit.
433 619 554 681 Didicit
568 603 612 681 ibi
628 621 661 681 in
677 622 883 683 abscondito:

120 733 211 791 quae
227 717 434 791 postmodum
450 717 606 779 docturus
622 729 690 780 erat
704 720 737 779 in
753 722 882 795 populo.

122 813 174 872 lbi
198 814 378 874 instructus
400 824 451 875 est
472 815 512 875 de
529 816 652 878 iactura
667 817 884 878 tabernaculi:

120 913 165 972 de
194 913 256 972 ritu
284 915 434 975 sacrificii
444 913 455 990 ,‘
482 916 522 975 de
544 915 658 976 ordine
681 915 882 975 sacerdotali.

122 1009 173 1069 lbi
197 1009 230 1069 in
253 1011 368 1086 spiritu
390 1012 541 1089 cognovit
563 1022 595 1073 et
614 1012 783 1088 intellexit,
805 1013 905 1088 quids

120 1107 189 1166 ista
210 1109 371 1169 exteriora
393 1120 426 1171 et
446 1110 588 1170 visibilia
610 1109 756 1171 instituta
784 1109 883 1186 signi-

122 1205 282 1266 ficabant:
305 1217 336 1267 et
356 1207 433 1283 quid
449 1209 489 1268 de
505 1207 624 1268 futuris
639 1207 777 1284 mystice
790 1221 883 1283 prae-

119 1302 325 1363 nuntiabant.
363 1304 408 1363 lbi
432 1305 470 1364 ab
493 1305 646 1365 omnibus
662 1305 883 1365 mundialibus

120 1399 215 1459 curis
237 1400 328 1477 liber,
350 1403 484 1463 vacabat
506 1411 537 1463 et
552 1403 682 1462 videbat
696 1420 793 1480 quam
810 1421 883 1463 sua-

119 1497 176 1557 vis
199 1508 249 1559 est
271 1499 448 1559 Dominus:
478 1516 574 1575 quam
604 1499 719 1560 beatus
749 1500 799 1560 vir
827 1501 918 1578 quiro

120 1595 304 1672 requiescit
325 1596 358 1656 in
381 1607 620 1658 montesancto
636 1598 717 1658 eius.
751 1599 796 1658 lbi
813 1600 883 1659 nul-

95 1687 97 1690 ’
120 1695 193 1752 lum
216 1694 357 1754 taedium
381 1695 528 1771 corporis
543 1712 677 1770 passus:
699 1713 782 1770 pane
797 1696 883 1756 vitae

121 1802 156 1851 et
181 1791 367 1852 intellectus
389 1803 439 1853 est
455 1793 608 1854 relectus.
641 1793 687 1852 lbi
704 1793 736 1853 in
753 1794 882 1854 silentio

120 1905 227 1948 venas
249 1889 349 1949 divini
370 1891 496 1950 susurri
519 1891 680 1966 suscepit:
713 1900 745 1951 et
766 1891 880 1966 spiritu

120 1986 304 2062 sapientiae
320 1987 447 2065 impleri
464 1989 592 2048 meruit.
623 1989 717 2048 Vnde
733 2006 773 2048 ex
788 1991 883 2067 longa
894 2007 918 2047 15

121 2085 364 2146 cohabitatione
400 2094 433 2145 et
468 2085 630 2163 Frequenti
664 2088 881 2149 collocutione

121 2200 200 2242 cum
217 2183 358 2243 Domino
381 2183 414 2242 in
436 2193 557 2259 monte,
580 2183 658 2244 illud
682 2185 828 2245 mirabile
851 2187 880 2245 ei

120 2281 257 2342 accidit:
287 2292 322 2341 ut
350 2280 520 2356 splendida
549 2281 650 2341 iacies
679 2282 751 2342 eius
773 2300 812 2342 ex
834 2284 882 2343 in·

120 2378 208 2439 tuitu
225 2378 285 2437 Dei
309 2377 411 2453 lieret,
434 2387 465 2437 et
481 2387 616 2439 cornuta
631 2378 881 2456 inspicientibus

119 2477 308 2552 videretur;
333 2477 377 2537 ita
399 2484 433 2536 ut
454 2494 520 2536 non
543 2485 678 2553 possent
700 2476 756 2536 lilii
780 2478 915 2537 lsraelao

120 2577 156 2636 in
174 2592 250 2634 eum
265 2575 445 2649 intendere,
465 2575 523 2634 sed
539 2574 642 2635 territi
657 2575 880 2652 abscederent,

120 2675 228 2734 donec
250 2672 305 2732 ille
327 2674 476 2732 velamen
499 2672 560 2731 sibi
581 2671 879 2748 superimponeret:

119 2787 159 2830 ac
181 2769 229 2828 sic
244 2769 494 2846 inspicientibus
510 2769 687 2829 claritatem
704 2770 754 2830 sui
769 2772 880 2832 vultus

119 2877 329 2944 temperaret.
373 2867 402 2929 Ο
425 2868 531 2927 virum
554 2867 615 2926 Dei
643 2867 820 2943 gloriosum
848 2878 880 2929 et

120 2965 289 3026 inclitum:
318 2967 442 3027 lumine
464 2965 593 3026 divinae
616 2965 769 3026 claritatis
791 2966 915 3027 intusas

120 3072 155 3124 et
187 3062 268 3122 loris
298 3064 468 3139 periusum
500 3073 532 3125 et
562 3072 776 3140 penetratum.
825 3063 878 3124 Sic

120 3159 221 3221 etiam
253 3159 391 3236 quidam
416 3161 524 3221 devoti
560 3170 721 3222 amatores
753 3160 878 3222 Christi

119 3258 253 3336 quando
282 3269 358 3318 sunt
386 3259 419 3318 in
451 3269 577 3318 secreta
606 3259 879 3334 contemplatione

121 3372 198 3416 cum
231 3356 390 3431 Domino,
425 3373 669 3433 nonnumquam
706 3356 739 3415 in
775 3374 878 3417 novae

120 3454 209 3514 vitae
232 3453 410 3513 claritatem
432 3453 720 3529 transformantur3
752 3462 783 3513 et
811 3463 914 3513 tan-ao

120 3561 187 3611 tam
210 3566 324 3610 secum
346 3550 467 3626 gratiae
489 3551 613 3626 copiam
637 3560 815 3627 reportant,
844 3559 878 3610 ut

485 3656 523 3698 rto
