2114 4168
77 449 406 502 summotus
453 451 477 491 1³
522 449 842 503 memorosum

81 581 212 643 Christi
246 600 382 659 regnum
416 601 469 643 mc
499 583 669 643 vobiscum
704 583 843 643 feliciter

80 680 281 755 perducatis.
312 680 429 741 Amen.

430 884 498 934 XIII.

148 1000 261 1062 Oratio
282 1001 322 1060 de
343 977 494 1061 laudibus
514 1002 620 1061 suncti
645 999 781 1063 Thomue

390 1100 539 1173 apostoli.
851 1125 865 1164 5

84 1211 252 1430 3&st
274 1267 416 1344 gloriose
431 1267 457 1326 T
459 1270 556 1328 homa
576 1271 732 1346 apostole,
754 1271 842 1331 omni

224 1366 318 1427 laude
341 1376 373 1425 et
394 1368 519 1427 honore
537 1368 738 1444 dignissime.
773 1368 843 1429 Ave

84 1464 309 1526 illustrissime
325 1464 527 1540 praedicator
542 1466 749 1543 evangelicae
760 1468 843 1527 veri-

85 1564 178 1638 tatis,
201 1563 255 1622 lux
277 1571 308 1622 et
330 1562 432 1621 decus
455 1563 614 1623 ecclesiae
637 1564 843 1626 universalis

87 1660 159 1721 Ave
182 1659 426 1720 ferventissime
448 1671 572 1721 amator
591 1661 727 1736 Christi,
749 1662 843 1722 cuius
856 1685 879 1726 ro

86 1757 331 1818 sanctissimum
348 1758 432 1817 latus
446 1766 578 1834 tangere
594 1758 752 1818 meruisti.
772 1758 843 1818 Ave

86 1855 290 1916 lucidissime
313 1855 548 1931 contemplator
574 1856 734 1933 abyssalis
760 1857 844 1916 veri-

87 1953 172 2028 tatis,
194 1952 450 2028 profundissime
467 1963 654 2030 penetrator
668 1953 844 2029 Trinitatis

86 2051 272 2112 certissime
286 2053 469 2129 explorator
483 2052 680 2129 glorificatae
696 2052 844 2112 humani·

86 2151 172 2211 tatis.
194 2148 266 2210 Ave
281 2151 481 2210 solidissime
492 2151 664 2210 confessor
679 2150 764 2227 fidei,
780 2169 844 2210 ma·
855 2175 880 2215 t5

85 2248 207 2325 gnifice
236 2257 401 2324 reparator
429 2247 515 2322 fidei,
543 2249 744 2308 validissime
773 2267 845 2324 pro-

86 2347 234 2423 pulsator
248 2345 356 2405 omnis
371 2346 554 2406 dubietatis.
576 2345 648 2406 Ave
664 2347 845 2407 clarissime

86 2445 288 2505 illuminator
302 2445 483 2518 hominum,
505 2444 560 2521 qui
582 2444 844 2520 potentissimum

87 2542 200 2602 Indiae
232 2559 341 2618 regem
373 2541 476 2618 signis
510 2559 546 2601 ac
578 2541 735 2602 doctrinis
771 2560 846 2602 con-

86 2641 214 2700 vertisti
247 2641 285 2700 ad
315 2639 502 2699 Dominum.
545 2638 617 2699 Ave
646 2639 765 2699 eximie
793 2657 882 2715 ptr-ao

86 2749 189 2798 trator
224 2737 454 2797 miraculorum
491 2745 637 2796 mortuos
673 2737 846 2812 suscitans

87 2837 238 2912 leprosos
277 2834 456 2909 mundans,
491 2852 608 2894 caecos
647 2835 846 2909 illuminans,

87 2934 267 2993 daemones
290 2932 405 3007 fugans
428 2942 460 2991 et
475 2949 605 2992 omnem
624 2931 844 2992 infirmitatem

87 3031 121 3090 in
145 3030 271 3091 Christi
299 3029 432 3089 nomine
456 3047 584 3089 curans,
627 3028 697 3089 Ave
719 3029 846 3105 sapien·

89 3128 216 3187 tissime
236 3128 432 3188 architector
450 3128 602 3188 caelestis
618 3127 769 3201 fabricae,
790 3127 883 3203 quI25

88 3244 147 3303 pro
170 3236 300 3286 terreno
322 3227 439 3302 palatio
462 3226 579 3302 parasti
603 3225 670 3301 regi
693 3224 845 3285 Indorum

90 3333 279 3400 perpetuam
316 3324 520 3384 mansionem
557 3323 590 3382 in
626 3324 726 3382 caelo.
775 3322 846 3382 Ave

90 3421 267 3498 purissime
309 3423 431 3483 zelator
470 3422 645 3496 castitatiS‚
688 3419 846 3480 altissime

91 3521 238 3581 laudator
267 3521 478 3597 virginitatis,
509 3518 742 3579 honestissime
772 3534 847 3577 con-

450 3624 491 3667 379
