2144 4194
241 453 281 504 <33
300 451 472 504 [SERMONES
485 453 524 495 DE
534 453 600 495 VITA
612 453 647 495 ΕΤ
658 452 807 496 PASSIONE
819 452 937 504 bonllll]
952 451 993 502 K&

282 585 441 647 Ascendit
463 597 571 647 autem
595 587 688 647 lesus
712 587 751 647 ad
776 587 992 648 celebritatem

242 684 316 745 festi
340 686 463 762 legalis,
485 702 551 745 non
574 695 609 745 ut
628 687 810 746 secundum
833 686 935 762 legem
955 701 992 744 se

241 782 475 843 sanctificaret:
505 793 559 843 aut
580 783 733 859 precibus
762 783 992 845 conscientiam
1063 831 1064 870 ζ

241 881 428 956 mundaret,
456 881 511 958 qui
541 890 674 942 sanctus
702 891 798 942 natus
825 891 907 954 erat;
936 880 992 940 sed

217 988 275 1038 sut
290 978 523 1055 indulgentiam
541 979 636 1038 nobis
651 979 856 1056 impetraret:
878 991 915 1038 et
937 995 994 1038 ec-

240 1075 413 1135 clesiam
445 1076 795 1152 frequentandam
825 1093 918 1136 esse
940 1076 994 1135 do-

240 1182 346 1248 ceret,
382 1190 453 1249 pro
489 1174 610 1233 donis
645 1175 907 1235 caelestibus
943 1174 994 1233 ad·

240 1270 427 1345 ipiscendis.
441 1271 738 1348 Intravittemplum
749 1272 788 1331 ad
797 1272 993 1332 audiendum

240 1368 411 1444 magistros
433 1377 466 1427 et
487 1368 656 1444 doctores,
686 1369 740 1445 qui
767 1369 828 1429 fuit
849 1370 994 1430 omnium

206 1485 229 1525 lo
240 1465 394 1541 magister
422 1478 453 1525 et
477 1466 656 1542 Dominus;
685 1476 719 1526 ut
748 1468 875 1528 discant
903 1468 994 1544 pueri

239 1575 270 1622 et
293 1563 430 1623 iuvenes
452 1581 470 1623 a
491 1563 656 1639 primaeva
678 1574 781 1625 aetate
804 1565 929 1626 litteras
953 1566 996 1626 le·

237 1679 325 1738 gere,
354 1663 484 1722 scholas
507 1663 731 1739 frequentare:
758 1663 926 1724 doctrinae
950 1664 997 1723 in-

238 1759 389 1834 tendere,
414 1759 577 1834 magistris
599 1760 796 1821 audientiam
819 1763 996 1837 praebere;

237 1873 302 1915 non
321 1856 428 1933 vagari
444 1873 503 1931 per
517 1858 655 1932 plateas:
678 1875 739 1918 nec
755 1858 849 1918 vanis
864 1858 995 1917 lusibus
1064 1895 1065 1966 p

204 1975 227 2014 15
237 1954 398 2030 occupari.
428 1953 532 2013 Ornat
547 1971 687 2031 namque
703 1956 796 2015 valde
811 1955 992 2016 iuvenilem
1064 1977 1065 1986 ¹

236 2061 393 2126 aetatem,
428 2051 524 2111 ardor
554 2051 700 2113 discendi
732 2064 834 2113 artes:
871 2053 994 2130 quibus

236 2149 365 2208 iuvatur
400 2149 585 2210 intellectus
619 2152 658 2211 ad
689 2151 926 2227 proficiendum
960 2152 993 2211 in

235 2246 406 2322 scripturis
435 2246 572 2323 divinis;
602 2258 762 2324 quatenus
791 2249 888 2308 hinc
918 2267 993 2309 am·

235 2344 994 2423 pliusameturDeusquosaepiusluerit

198 2459 343 2502 aosermo
355 2442 416 2501 Dei
432 2442 572 2518 auditus,
588 2452 620 2502 et
634 2460 692 2519 per
702 2445 853 2504 doctores
869 2445 991 2505 clarius
1065 2435 1066 2460 ¹

234 2539 417 2614 expositus:
446 2550 542 2616 atque
571 2542 674 2601 bonae
704 2543 881 2603 memoriae
907 2544 989 2604 libro
1065 2573 1066 2580 κ

234 2638 360 2698 lirmius
389 2640 645 2701 commendatus.
688 2640 786 2701 Dedit
807 2657 885 2717 ergo
908 2658 991 2717 puer

234 2735 327 2794 lesus
358 2737 544 2813 exemplum
576 2739 687 2814 pueris
719 2749 750 2799 et
781 2739 920 2799 senibus
951 2741 987 2801 ad

233 2833 487 2894 continuandum
517 2835 660 2896 studium
692 2836 872 2913 sapientiae
904 2839 987 2898 salu·

195 2949 222 2990 25
232 2931 324 2990 taris:
341 2940 375 2990 ut
385 2949 482 2994 nemo
493 2935 558 2995 otio
570 2944 704 3011 torpeat,
719 2953 816 2996 nemo
828 2937 867 2996 ad
879 2937 987 2998 inania

232 3029 409 3104 auscultet;
431 3032 489 3091 sed
511 3032 604 3107 pueri
627 3033 795 3093 humiliter
814 3035 985 3110 magistros

231 3143 310 3184 suos
325 3126 465 3202 audiant,
483 3127 655 3204 diligenter
670 3138 842 3204 quaerant:
865 3140 897 3191 et
913 3150 983 3192 cum

230 3223 317 3282 omni
341 3223 513 3299 disciplina
535 3224 669 3285 discant.
706 3225 811 3286 Senes
833 3245 914 3288 vero
937 3248 983 3290 se-

230 3321 372 3380 cundum
401 3321 506 3381 datam
529 3323 590 3382 sibi
612 3324 746 3400 gratiam
774 3335 806 3385 et
827 3326 981 3389 iuvenum

192 3419 438 3494 socapacitatem
462 3420 639 3496 prudenter
660 3421 813 3483 doceant:
838 3433 871 3484 et
893 3443 982 3504 regu·

229 3516 276 3576 las
299 3515 372 3576 lidei
396 3533 414 3576 a
435 3516 556 3577 sanctis
578 3518 734 3592 apostolis
759 3528 791 3580 et
815 3525 981 3600 prophetis

588 3621 626 3663 124
