2144 4194
219 432 259 483 ro:
277 430 450 482 [salmones
462 405 579 474 navim
589 432 625 474 ετ
637 431 784 474 PASSIONE
795 432 923 486 nomm]
939 434 979 485 ω
1055 393 1059 447 ἶ

1053 512 1059 546 l

221 582 377 641 corporea
411 565 641 642 imaginatione
674 567 776 626 libera
810 567 830 626 ir
868 571 987 646 Liquet

220 662 354 722 luminis
385 662 539 740 abyssum
575 663 741 724 transierit
777 681 837 741 spe
866 669 988 734 imner-

220 770 371 836 aeterna3
401 761 475 838 quis
504 762 588 820 hanc
616 771 713 838 neget
741 762 902 822 sollemne
933 762 980 822 le·

220 867 306 919 stum
342 875 452 935 agere,
488 877 571 936 quae
603 860 725 920 aeterni
762 860 836 923 soli:
878 861 981 920 radiis
1063 903 1064 907 ,

197 957 395 1032 sillustrata‚
423 975 522 1034 supra
550 967 667 1019 cuncta
695 968 802 1018 creata
827 968 890 1018 stat
912 968 979 1019 tam

221 1056 386 1134 eleganter
414 1056 601 1131 suspensa?
644 1057 716 1116 Hoc
738 1066 846 1117 auten.
874 1065 980 1117 totum

222 1154 324 1231 magis
346 1164 494 1230 spectare
509 1153 638 1214 videtur
657 1154 696 1213 ad
712 1163 864 1214 aeternae
878 1154 981 1214 beati-

221 1251 344 1312 tudinis
365 1250 517 1327 gloriam:
547 1268 643 1327 quam
665 1251 705 1310 ad
751 1251 912 1312 raesentis
933 1252 981 1311 vi-

221 1361 272 1410 tae
301 1349 477 1409 miseriam.
521 1349 650 1408 Nomen
679 1348 720 1426 igi
754 1358 756 1366 ²
802 1359 834 1408 et
856 1366 982 1409 memo·
1062 1422 1063 1434 χ

188 1447 302 1506 oriam
332 1447 502 1507 sollemnis
532 1447 606 1508 festi
636 1464 723 1507 nunc
786 1447 846 1520 tiu
873 1465 981 1524 ·quam
1062 1435 1063 1446 ¹

222 1562 333 1605 veram
356 1546 589 1622 experientiam
612 1546 787 1606 habemus:
809 1563 886 1622 quta
908 1562 983 1622 per·
1059 1590 1062 1600 .

224 1643 308 1703 fecta
336 1644 407 1704 eius
436 1644 565 1704 claritas
591 1643 713 1704 sanctis
737 1653 925 1704 reservatur
947 1644 982 1703 in
1067 1683 1069 1718 r

223 1741 332 1800 caelis‘.
364 1740 577 1802 Ofestivitas
601 1741 829 1803 festivitatum:
851 1742 882 1800 ι’
980 1775 982 1780 -
1066 1780 1069 1786 -

223 1837 330 1898 mines
352 1848 383 1898 et
405 1838 510 1915 angeli
533 1839 717 1915 congregati
736 1840 856 1916 pariter

189 1952 214 1992 15
224 1936 354 1996 laudant
369 1935 489 1996 trinum
506 1945 538 1995 et
552 1953 664 1996 unum.
691 1935 720 1997 Ο
736 1953 831 2012 quam
916 1947 986 2006 suf.
1054 1946 1070 2018 ¹5

223 2031 309 2092 niter
329 2031 373 2091 ibi
396 2043 534 2108 cantant,
557 2050 653 2109 quarn
670 2033 807 2093 dulciter
915 2035 918 2044 '
946 2050 986 2105 ut
1065 2047 1067 2054 ·

224 2129 278 2188 ubi
308 2130 414 2189 Deum
446 2146 578 2207 semper
605 2140 811 2207 praesentem
840 2185 843 2190 ,
1041 2136 1054 2188 l

224 2228 310 2287 clare
332 2228 509 2304 intuentur,
530 2228 738 2305 iucundeque
760 2245 860 2305 specu

225 2324 388 2385 Nimirum
417 2342 457 2384 ex
486 2326 644 2386 memoria
669 2326 758 2386 illius
780 2326 880 2386 iubila
943 2345 983 2386 ns

188 2434 256 2483 aoet
277 2433 453 2499 perpetuae
476 2423 627 2484 caelestis
650 2424 894 2485 sollemnitatis:
917 2425 984 2486 dis·
1061 2464 1066 2502 ξ

224 2531 318 2581 sonat
340 2522 418 2582 milri
435 2522 542 2582 omnis
558 2522 699 2582 iucunda
715 2522 875 2583 lestivitas
890 2541 907 2598 p·
925 2540 985 2582 ae·
1061 2563 1070 2605 ἲ

224 2619 328 2679 sentis
350 2620 516 2696 temporis.
547 2619 598 2680 Ad
613 2620 693 2680 illud
708 2619 806 2697 igitur
820 2621 902 2681 solle
917 2638 983 2681 nnc
1061 2661 1065 2700 3

225 2726 257 2776 et
278 2727 447 2779 aeternum
464 2718 594 2794 festum,
617 2719 703 2795 quod
718 2736 777 2795 pro
793 2717 843 2778 sui
859 2719 985 2795 magni·

224 2813 337 2874 tudine
358 2831 419 2874 nec
442 2815 569 2892 concipi
592 2825 699 2892 potest
714 2833 775 2876 nec
791 2815 872 2892 dici3
893 2825 985 2876 totus
1059 2845 1068 2900 ,ᾗ

188 2910 363 2971 zsaffectus
393 2921 524 2973 nostrae
556 2913 739 2973 devotionis
768 2915 987 2974 vehementer
1059 2956 1067 2992 :-

226 3009 369 3085 aspirare
391 3010 487 3070 debet
513 3019 545 3071 et
567 3010 710 3070 incitari:
739 3010 985 3087 quotienscum·

226 3106 345 3182 quein
367 3107 463 3168 terris
487 3108 570 3168 festa
591 3108 795 3169 sollemniter
816 3110 986 3169 celebran-
1057 3180 1072 3191 y

226 3214 287 3263 tur.
316 3205 410 3264 Vnde
425 3206 534 3289 omnia
554 3206 637 3266 festa
656 3215 768 3266 nostra
782 3206 892 3283 potius
907 3217 986 3268 sunt
1056 3195 1064 3291 ’ᾖ

226 3300 314 3361 illius
336 3312 488 3362 aeternae
511 3303 697 3364 festivitatis
716 3304 876 3380 quaedam
892 3321 985 3381 prae·
1055 3344 1069 3391 :r

191 3399 370 3460 adambula:
400 3417 496 3476 quam
518 3417 596 3460 vera
624 3401 708 3461 festa
730 3401 877 3462 dicenda.
920 3401 985 3461 Hic

227 3506 335 3558 tamen
363 3497 397 3558 in
427 3498 550 3558 lumine
580 3498 653 3558 lidei
683 3499 895 3560 inchoantur:
925 3501 985 3560 sed
1053 3521 1065 3588 ΕΗ

592 3603 618 3644 ao
