2114 4168
81 456 407 510 mmmm
454 459 478 500 12
520 460 841 515 muse-W

82 589 117 649 in
141 591 221 649 hora
243 591 357 651 mortis
380 591 582 653 imminentis
603 603 635 654 et
659 612 716 670 pro
737 595 840 655 salute

82 687 262 763 indigentis
288 689 411 749 servuli
438 691 484 750 tui
506 692 642 751 verbum
664 693 786 752 bonum
809 703 841 753 et

82 785 841 867 placabileapudRegemangelorumpotissime

81 883 264 943 amicorum
294 884 366 945 eius
395 885 530 962 loquere
558 887 777 963 confidenter,
806 899 840 948 ut

81 999 182 1058 quem
212 983 360 1059 propriae
387 983 524 1043 actionis
550 985 678 1060 pondus
700 986 863 1046 maximes

80 1092 196 1156 gravat
230 1091 262 1140 et
296 1091 474 1157 perterret,
509 1093 583 1142 tuae
614 1081 840 1142 sanctissimae

82 1178 243 1238 orationis
265 1189 394 1239 scutum
417 1181 456 1238 ab
471 1180 614 1240 hostiurn
631 1179 840 1240 insultatione

82 1275 248 1350 defendat,
260 1286 291 1336 et
306 1294 365 1353 per
380 1287 433 1339 tua
447 1277 589 1354 gloriosa
604 1278 719 1338 merita
733 1277 841 1338 anima

81 1390 158 1433 mea
184 1374 223 1433 de
250 1391 381 1434 carcere
404 1374 511 1434 carnis
533 1391 706 1451 egressura
728 1393 839 1436 occur-

81 1470 232 1530 rentibus
242 1471 346 1532 beatis
361 1473 549 1548 angelorum
566 1473 675 1533 choris
688 1475 726 1534 ad
738 1484 839 1535 aeter·
851 1488 875 1529 ιο

82 1585 163 1627 num
193 1569 273 1629 caeli
303 1570 455 1646 palatium
486 1570 626 1630 feliciter
654 1588 691 1630 ac
723 1589 839 1632 secure

82 1665 225 1726 transire
247 1677 419 1727 mereatur.
462 1666 578 1728 Amen.

434 1870 488 1918 ΧΗ.

116 1985 229 2045 Oratio
249 1986 289 2045 de
307 1987 485 2062 privilegiis
502 1987 671 2063 praecipui
692 1990 810 2048 amoris

205 2084 290 2143 beati
310 2084 464 2144 Iohannis
485 2086 875 2161 Evangelistoe.1s

160 2201 189 2273 ἢ

130 2220 245 2381 7ἕνα
274 2253 464 2314 dulcissime
491 2255 654 2315 Iohannes
683 2257 838 2332 apostole.

167 2314 286 2410 ''Ave
304 2362 491 2412 sanctorum
507 2354 779 2430 evangelistarum
795 2357 839 2414 al-

81 2447 220 2508 tissime.
249 2447 320 2508 Ave
342 2459 473 2509 sanctae
489 2450 614 2511 Mariae
636 2453 748 2513 matris
765 2453 839 2514 Iesu

82 2556 195 2607 custos
212 2545 411 2607 fidelissime.
435 2547 546 2608 Saluto
557 2558 589 2608 te
600 2550 727 2611 devotis
739 2551 838 2611 animi

82 2645 147 2705 mei
179 2643 357 2720 obsequiis.
410 2646 599 2706 Honorilico
630 2657 661 2708 te
693 2665 733 2708 ex
763 2649 874 2728 totisw

82 2743 192 2803 cordis
214 2743 278 2803 mei
301 2744 510 2819 praecordiis.
547 2746 667 2805 Invoco
689 2756 720 2805 te
743 2746 839 2806 affec·

81 2839 188 2900 tuosis
217 2842 370 2916 precibus
401 2851 433 2902 et
462 2843 623 2918 suspiriis.
667 2844 713 2903 En
743 2845 839 2920 cupio

81 2938 196 2998 laudes
218 2947 290 2998 tuas
312 2956 505 3015 personare,
527 2941 678 3001 desidero
700 2941 838 3002 virtutes

82 3047 155 3096 tuas
177 3053 339 3112 enarrare,
360 3037 478 3098 affecto
500 3039 660 3115 magnalia
679 3049 733 3098 tua
747 3056 838 3114 prae·

81 3133 201 3193 dicare.
244 3133 377 3210 Quaeso
406 3153 482 3213 ergo
511 3147 560 3212 te,
588 3137 736 3212 piissime
764 3153 874 3213 apo-25

80 3231 175 3305 stole,
198 3231 330 3308 dignare
346 3249 398 3293 me
413 3235 545 3294 laudare
560 3245 601 3309 te,
623 3235 714 3311 virgo
734 3253 839 3295 sacra·
879 3239 883 3248 '

81 3329 220 3389 tissime.
267 3330 314 3390 Tu
341 3348 377 3392 es
406 3333 494 3392 enim
523 3333 661 3394 dilectus
690 3333 747 3399 illc
774 3333 839 3393 dis·

81 3427 211 3503 cipulus
239 3437 271 3487 et
300 3427 385 3489 inter
410 3439 538 3490 ceteros
564 3430 667 3503 magis
689 3431 837 3507 dilectus,

81 3543 179 3602 quem
215 3526 256 3586 de
291 3527 413 3586 saeculi
448 3527 571 3603 nuptiis
606 3529 645 3587 ad
679 3528 835 3589 caelibem

439 3632 481 3674 ste
