2118 4186
205 393 325 444 djssffiffl
344 391 517 433 ORATIONES
534 391 573 432 DE
590 390 681 432 ΒΕΑΤΑ
696 390 824 432 VlRGiNE
843 389 971 442 ἴὲζχῇῶ

206 524 476 603 gloriosissimam
493 526 604 585 sedem
628 534 714 584 tuam
732 540 833 599 super
848 541 973 583 omnes

207 625 326 684 choros
355 622 544 699 angelorum
574 621 606 682 in
629 621 761 681 caelesti
787 638 887 697 regno
914 639 973 680 ex·

208 723 345 781 altatam.
358 719 465 796 Quam
475 719 765 794 idcircomeruisti‚
773 720 974 796 dignissima

208 827 311 879 mater
325 816 397 891 Dei,
412 817 566 893 quoniam
582 817 715 876 inventa
730 835 766 876 es
782 817 974 878 humillima

185 915 294 975 sinter
315 932 431 974 omnes
453 915 536 975 filias
560 915 737 975 Ierusalem
760 925 792 974 et
814 915 972 990 placuisti
1035 995 1036 1000 ἵ

209 1014 313 1074 oculis
328 1013 400 1073 eius
415 1013 506 1089 virgo
518 1013 635 1072 decora
646 1012 750 1087 valde,
765 1029 825 1072 nec
841 1013 903 1073 luit
921 1013 971 1072 tui
1035 1087 1036 1090 Ἴ

209 1111 327 1171 similis
349 1110 382 1170 in
404 1111 493 1170 omni
518 1119 614 1170 terra.
657 1110 704 1169 En
727 1110 843 1170 iterum
867 1110 972 1171 flecto
1035 1095 1036 1130 ³

210 1227 261 1269 me
273 1220 347 1269 ante
358 1209 535 1268 scabellum
546 1208 757 1284 vestigiorum
769 1217 897 1268 tuorum
912 1209 971 1269 de·
1035 1273 1036 1292 χ

209 1308 294 1369 votis
309 1306 403 1366 labiis
423 1316 454 1367 et
469 1306 591 1366 mundo
608 1307 705 1365 corde
721 1304 971 1366 officiosissime
1035 1317 1036 1324 ’

175 1424 199 1465 ro
210 1416 241 1466 et
263 1406 404 1465 salutare
420 1413 451 1464 et
467 1404 651 1463 collaudare
669 1403 869 1464 desiderans
900 1404 969 1464 Sed
1035 1409 1036 1418 ’

209 1504 289 1579 scio,
311 1504 415 1563 electa
436 1510 548 1576 mater,
571 1501 647 1578 quia
668 1501 785 1577 dignus
802 1518 867 1561 non
889 1519 969 1562 sum

210 1604 318 1662 levare
330 1603 476 1676 impuros
492 1601 605 1660 oculos
621 1617 724 1674 meos
739 1617 822 1676 quos
833 1601 971 1676 saepius

210 1699 376 1776 inquinavi
399 1698 665 1774 concupiscentia
680 1698 797 1772 carnis,
813 1698 970 1774 concupi·
1035 1701 1036 1730 f

209 1798 334 1858 scentia
362 1797 531 1857 oculorum
561 1806 592 1856 et
619 1797 772 1872 superbia
799 1796 902 1870 vitae,
933 1796 967 1855 in

176 1895 454 1956 isserenissimam
472 1893 588 1953 faciem
604 1902 691 1953 tuam
708 1892 818 1952 divino
841 1892 968 1952 lumine
1035 1949 1036 1968 p

210 1993 387 2053 radiantem
411 1990 566 2067 omnique
593 1990 725 2051 caelesti
749 1990 883 2050 militiae
913 1991 968 2051 ad·

210 2090 405 2150 mirandam:
435 2105 518 2165 quae
547 2088 642 2148 labiis
664 2088 908 2149 candidissimis
936 2097 969 2148 et

211 2187 402 2248 rubentibus
430 2186 515 2245 rosis
545 2185 720 2262 aureisque
749 2185 896 2246 flosculis
927 2205 968 2247 ex

210 2285 857 2361 omnipartedecentissimeadornataes.
876 2285 968 2344 Ideo-

174 2400 274 2460 2oque
297 2384 481 2443 confundor
503 2384 541 2442 ab
565 2383 749 2458 impuritate
779 2399 852 2441 mea
873 2382 968 2442 triste

210 2499 353 2558 pensans
375 2481 598 2557 indignitatem
617 2497 733 2539 meam.
763 2479 827 2540 Sed
850 2498 968 2539 rursus

211 2588 343 2654 propter
360 2577 600 2638 multitudinem
624 2577 870 2638 misericordiae
893 2589 968 2637 tuae

211 2693 302 2752 spem
325 2694 402 2754 gero
425 2676 542 2735 bonam
566 2686 598 2735 et
622 2675 747 2735 firmam
771 2675 966 2751 impetrandi

211 2773 307 2832 citius
322 2773 455 2850 gratiam
472 2783 503 2834 et
518 2773 646 2849 plenam
666 2773 966 2833 reconciliationem

175 2881 243 2930 aste
274 2870 353 2930 milri
385 2871 525 2947 benigne
557 2881 731 2947 apparente
764 2880 795 2931 et
826 2889 884 2946 pro
915 2888 967 2931 me

213 2968 448 3045 interpellante.
506 2969 594 3045 Quid
630 2969 716 3028 aliud
754 2985 890 3044 possum
928 2968 967 3027 de

212 3065 519 3127 misericordissima
541 3076 643 3127 matre
666 3078 698 3127 et
719 3068 759 3126 de
775 3066 967 3126 dulcissima

212 3162 337 3239 virgine
374 3164 437 3224 nisi
474 3164 731 3225 misericorditer
765 3173 797 3224 et
827 3164 967 3224 dulciter

212 3261 334 3320 sentire
357 3261 389 3320 in
405 3279 514 3321 meum
537 3272 569 3323 et
590 3262 735 3321 omnium
758 3270 965 3337 peccatorum

175 3359 396 3418 aosolacium?
439 3359 576 3436 Propter
597 3360 680 3419 hanc
705 3359 913 3419 clementiam
936 3369 966 3418 et
987 3385 989 3391 ¹

211 3456 494 3516 mansuetudinem
524 3458 585 3516 sub
613 3466 701 3517 tuam
728 3457 961 3533 protectionem

568 3559 608 3599 asa
