2114 4168
354 431 470 473 Adnotano
484 433 568 474 critica.

77 571 152 638 post
174 563 331 632 omnibus,
352 564 408 623 sed
428 574 502 640 post
522 565 624 634 bonis,
646 581 670 623 21
693 571 742 624 est
762 575 835 642 post

70 646 274 720 frequenter,
305 647 383 719 318,
410 662 424 702 1
454 650 612 719 quantum
639 650 732 720 potes
761 655 835 722 post

76 723 172 798 Fuge,
187 726 257 798 319,
271 741 285 781 s
299 729 424 800 tempus
438 735 511 800 post
526 727 625 796 breve,
647 741 675 783 23
687 731 834 786 sanctam

76 813 152 879 post
165 805 365 878 scripturam,
386 807 456 879 326,
477 822 489 862 s
511 806 595 864 cuim
613 815 687 881 post
701 806 834 878 Nocent,

76 888 169 958 32l,s
181 884 391 960 sitpostlpsc,
405 886 743 961 ioDcopostpsalmos,
758 904 782 944 19
790 892 838 947 cst

77 974 152 1040 post
166 965 341 1036 beatitudo,
362 982 390 1024 2ο
404 966 550 1026 caelestis
564 966 633 1026 vita
654 967 763 1026 curiae
776 985 835 1042 pro

76 1045 146 1104 vita
168 1045 325 1116 caelestis,
346 1061 374 1103 23
387 1051 436 1104 cst
451 1054 524 1122 post
539 1047 689 1121 religiosi,
711 1063 738 1104 26
754 1047 836 1108 Cha-

76 1125 202 1185 tissime
223 1135 296 1202 post
312 1127 425 1202 frater,
447 1129 545 1202 322,s
567 1128 679 1187 mundi
700 1137 774 1188 ante
796 1134 836 1188 ct.

117 1217 194 1289 318,
218 1230 246 1271 22
273 1214 484 1286 Karissimus,
513 1233 572 1290 pro
602 1233 665 1292 quo
693 1214 835 1276 Thomas

75 1294 151 1354 alibi
189 1294 454 1355 constantissime
490 1296 676 1356 carissimus
711 1296 836 1372 scribit,

75 1375 203 1435 ordinis
231 1375 392 1451 alphabeti
421 1377 522 1452 gratia
551 1377 604 1437 hic
627 1394 686 1453 per
707 1378 739 1436 K
757 1377 836 1437 scri-

76 1456 221 1516 bendum
244 1466 328 1532 erat,
358 1465 470 1516 contra
497 1459 568 1532 321,
591 1474 617 1514 1ο
637 1474 703 1517 non
729 1459 835 1518 solum

76 1538 138 1596 hac
161 1537 201 1597 de
217 1553 325 1611 causa,
347 1537 405 1596 sed
421 1537 518 1596 etiarn
534 1547 569 1598 ut
584 1537 646 1597 sibi
663 1547 837 1614 constaret,

84 1617 201 1677 Ymnus
229 1617 302 1677 sine
331 1619 361 1676 b.
410 1617 634 1694 Similiterque
663 1619 747 1695 apud
773 1619 837 1678 Ve-

79 1697 226 1758 nantium
258 1697 468 1757 Fortunatum
499 1699 549 1758 ed.
579 1698 644 1758 Leo
671 1698 776 1774 (1881)
803 1700 836 1759 in

81 1778 226 1837 carmine
255 1778 410 1854 quadrato
440 1779 470 1838 V
491 1781 552 1838 630
578 1795 694 1854 ymnus
718 1779 837 1840 littera-

81 1876 153 1918 rum
169 1857 256 1918 serie
272 1858 433 1918 firmatum
457 1869 516 1934 est,
538 1859 683 1935 itemque
707 1860 718 1919 1
738 1863 783 1935 16,
797 1863 837 1920 85

79 1954 211 2013 ymnum
240 1939 373 2015 legitur,
405 1947 517 1999 contra
545 1957 574 2015 p.
600 1943 661 1999 403
691 1941 836 2015 hymnus.

80 2018 198 2096 Neque
226 2018 414 2079 Wblfflinus
445 2020 478 2079 in
510 2019 680 2080 Benedicti
714 2021 837 2097 Regula

79 2101 332 2175 monachorum,
362 2099 491 2175 Lipsiae
517 2100 551 2160 in
574 2101 709 2160 aedibus
733 2102 770 2161 B.
794 2101 835 2162 G.

78 2178 242 2240 Teubneri
259 2179 531 2255 MDCCCXCV,
552 2180 586 2240 in
602 2182 665 2241 hoc
687 2181 837 2242 substan·

78 2260 146 2320 tivo
168 2260 419 2336 adspirationem
449 2261 597 2337 probavit
619 2271 764 2322 ceterum
794 2279 836 2322 ne

78 2345 168 2400 ortus
209 2341 339 2417 quidem
382 2358 441 2417 pro
482 2343 592 2401 hortus
634 2352 836 2418 aspernatus.

79 2420 269 2498 Eodemque
297 2422 394 2482 modo
423 2421 505 2481 aliae
528 2422 690 2482 editiones
715 2422 837 2484 discre-

78 2510 156 2576 pant
170 2503 260 2562 velut
276 2501 414 2562 Ennodii
430 2502 545 2578 (1885),
560 2503 593 2562 in
610 2520 673 2579 qua
688 2502 721 2562 F.
733 2503 836 2580 Vogel

78 2581 226 2657 hymnus,
242 2591 274 2641 et
285 2581 420 2656 Sedulii,
436 2583 469 2642 in
482 2600 545 2659 qua
558 2583 706 2643 Huemer
720 2584 835 2644 eodem

77 2678 164 2721 anno
185 2678 301 2737 ymnus
322 2662 463 2739 scripsit.

116 2754 194 2825 326,
222 2755 366 2826 311-327,
388 2770 412 2812 s.
456 2751 526 2813 Cfr.
548 2750 677 2827 81157,
705 2755 734 2826 2,
756 2768 837 2809 21-21

78 2857 113 2882 :
131 2830 282 2906 3111136,
303 2848 337 2890 22.
348 2848 376 2890 23
392 2858 426 2882 z
450 2832 561 2907 SVHI,
584 2833 600 2891 1
617 2836 667 2908 28,
688 2835 718 2906 2,
742 2848 835 2892 10-12:

75 2912 151 2971 Non
172 2913 292 2973 debetis
313 2913 402 2973 omni
423 2913 516 2972 verbo
538 2913 681 2973 credere:
710 2928 767 2972 nec
789 2913 835 2971 ul·

76 2993 177 3052 terius
198 2993 262 3053 cito
284 2993 399 3053 audita
417 2995 567 3070 proferre.

117 3084 187 3156 346,
208 3097 234 3140 27
258 3082 336 3141 Post
359 3081 407 3142 Oh
429 3083 481 3142 vel
506 3099 604 3158 quam
627 3083 694 3141 leve
718 3083 769 3141 vel
793 3081 834 3141 si-

75 3161 155 3221 mile
179 3162 257 3238 quid
280 3163 444 3223 excidisse
465 3162 658 3238 putaverim.

115 3253 192 3327 356,
216 3269 240 3308 11
261 3252 416 3312 alacritas
444 3269 502 3328 pro
526 3252 696 3312 alacritate
724 3266 833 3310 emen·

75 3332 166 3391 davit
188 3331 292 3391 SVlll
311 3332 459 3408 (Amort).

115 3420 186 3492 359,
209 3434 235 3474 12
257 3422 345 3477 tuam
366 3417 545 3477 custodiam
561 3416 686 3477 correxi
702 3433 760 3492 pro
778 3421 834 3475 tua

75 3497 224 3558 custodia
246 3499 319 3557 coll.
340 3501 410 3573 386,
428 3515 449 3556 2.
464 3516 487 3558 s.

106 3603 220 3644 Thomaco
230 3603 256 3646 lt.
266 3601 350 3655 Opera.
363 3602 403 3644 111.
438 3603 479 3644 433
700 3602 727 3642 28
