<?xml version="1.0" encoding="UTF-8"?>
<!DOCTYPE html PUBLIC "-//W3C//DTD XHTML 1.0 Transitional//EN"
    "http://www.w3.org/TR/xhtml1/DTD/xhtml1-transitional.dtd">
<html xmlns="http://www.w3.org/1999/xhtml" xml:lang="en" lang="en">
 <head>
  <title>
</title>
<meta http-equiv="Content-Type" content="text/html;charset=utf-8" />
  <meta name='ocr-system' content='tesseract 3.04.00' />
  <meta name='ocr-capabilities' content='ocr_page ocr_carea ocr_par ocr_line ocrx_word'/>
</head>
<body>
  <div class='ocr_page' id='page_1' title='image "./thomaehemerkena01pohlgoog_0369.png"; bbox 0 0 2118 4186; ppageno 0'>
   <div class='ocr_carea' id='block_1_1' title="bbox 226 460 987 516">
    <p class='ocr_par' dir='ltr' id='par_1_1' title="bbox 226 460 987 516">
     <span class='ocr_line' id='line_1_1' title="bbox 226 460 987 516; baseline 0 -12"><span class='ocrx_word' id='word_1_1' title='bbox 226 461 307 513; x_wconf 58' lang='lat' dir='ltr'>&amp;m</span> <span class='ocrx_word' id='word_1_2' title='bbox 344 460 518 505; x_wconf 73' lang='lat' dir='ltr'>ORATIONES</span> <span class='ocrx_word' id='word_1_3' title='bbox 534 463 573 504; x_wconf 83' lang='lat' dir='ltr'>DE</span> <span class='ocrx_word' id='word_1_4' title='bbox 589 461 738 504; x_wconf 75' lang='lat' dir='ltr'>PASSIONE</span> <span class='ocrx_word' id='word_1_5' title='bbox 755 462 869 506; x_wconf 80' lang='lat' dir='ltr'><strong>DOMINI</strong></span> <span class='ocrx_word' id='word_1_6' title='bbox 905 464 987 516; x_wconf 57' lang='lat' dir='ltr'>{M</span> 
     </span>
    </p>
   </div>
   <div class='ocr_carea' id='block_1_2' title="bbox 226 595 986 869">
    <p class='ocr_par' dir='ltr' id='par_1_2' title="bbox 226 595 986 869">
     <span class='ocr_line' id='line_1_2' title="bbox 226 595 986 673; baseline 0.003 -19"><span class='ocrx_word' id='word_1_7' title='bbox 226 595 371 671; x_wconf 83' lang='lat' dir='ltr'>genitum</span> <span class='ocrx_word' id='word_1_8' title='bbox 392 597 497 657; x_wconf 88' lang='lat' dir='ltr'>Patris</span> <span class='ocrx_word' id='word_1_9' title='bbox 519 605 551 656; x_wconf 93' lang='lat' dir='ltr'>et</span> <span class='ocrx_word' id='word_1_10' title='bbox 573 596 824 673; x_wconf 90' lang='lat' dir='ltr'>primogenitum</span> <span class='ocrx_word' id='word_1_11' title='bbox 847 597 986 673; x_wconf 90' lang='lat' dir='ltr'>virginis</span> 
     </span>
     <span class='ocr_line' id='line_1_3' title="bbox 227 694 985 772; baseline 0.001 -19"><span class='ocrx_word' id='word_1_12' title='bbox 227 694 349 770; x_wconf 90' lang='lat' dir='ltr'>matris,</span> <span class='ocrx_word' id='word_1_13' title='bbox 371 703 544 772; x_wconf 83' lang='lat' dir='ltr'><strong>antequam</strong></span> <span class='ocrx_word' id='word_1_14' title='bbox 564 695 696 771; x_wconf 89' lang='lat' dir='ltr'>ponaris</span> <span class='ocrx_word' id='word_1_15' title='bbox 718 695 752 755; x_wconf 90' lang='lat' dir='ltr'>in</span> <span class='ocrx_word' id='word_1_16' title='bbox 771 705 985 755; x_wconf 89' lang='lat' dir='ltr'>monumento</span> 
     </span>
     <span class='ocr_line' id='line_1_4' title="bbox 227 791 985 869; baseline 0.001 -19"><span class='ocrx_word' id='word_1_17' title='bbox 227 793 265 850; x_wconf 94' lang='lat' dir='ltr'>ab</span> <span class='ocrx_word' id='word_1_18' title='bbox 277 791 381 852; x_wconf 91' lang='lat' dir='ltr'>oculis</span> <span class='ocrx_word' id='word_1_19' title='bbox 392 793 492 853; x_wconf 90' lang='lat' dir='ltr'>meis:</span> <span class='ocrx_word' id='word_1_20' title='bbox 508 803 540 854; x_wconf 94' lang='lat' dir='ltr'>et</span> <span class='ocrx_word' id='word_1_21' title='bbox 551 793 765 853; x_wconf 85' lang='lat' dir='ltr'>considerabo</span> <span class='ocrx_word' id='word_1_22' title='bbox 777 792 885 852; x_wconf 90' lang='lat' dir='ltr'>omnia</span> <span class='ocrx_word' id='word_1_23' title='bbox 901 809 985 869; x_wconf 88' lang='lat' dir='ltr'>quae</span> 
     </span>
    </p>
   </div>
   <div class='ocr_carea' id='block_1_3' title="bbox 228 890 1053 967">
    <p class='ocr_par' dir='ltr' id='par_1_3' title="bbox 228 890 1053 967">
     <span class='ocr_line' id='line_1_5' title="bbox 228 890 1053 967; baseline -0.007 -17"><span class='ocrx_word' id='word_1_24' title='bbox 228 890 352 966; x_wconf 87' lang='lat' dir='ltr'>fecisti,</span> <span class='ocrx_word' id='word_1_25' title='bbox 382 891 522 951; x_wconf 90' lang='lat' dir='ltr'>docuisti</span> <span class='ocrx_word' id='word_1_26' title='bbox 545 902 578 951; x_wconf 90' lang='lat' dir='ltr'>et</span> <span class='ocrx_word' id='word_1_27' title='bbox 598 909 716 967; x_wconf 91' lang='lat' dir='ltr'>passus</span> <span class='ocrx_word' id='word_1_28' title='bbox 738 908 775 952; x_wconf 91' lang='lat' dir='ltr'>es</span> <span class='ocrx_word' id='word_1_29' title='bbox 796 890 830 949; x_wconf 93' lang='lat' dir='ltr'>in</span> <span class='ocrx_word' id='word_1_30' title='bbox 852 890 988 964; x_wconf 88' lang='lat' dir='ltr'>mundo,</span> <span class='ocrx_word' id='word_1_31' title='bbox 1052 927 1053 944; x_wconf 47' lang='lat' dir='ltr'>r</span> 
     </span>
    </p>
   </div>
   <div class='ocr_carea' id='block_1_4' title="bbox 204 988 988 1456">
    <p class='ocr_par' dir='ltr' id='par_1_4' title="bbox 204 988 988 1456">
     <span class='ocr_line' id='line_1_6' title="bbox 204 988 985 1066; baseline 0.001 -21"><span class='ocrx_word' id='word_1_32' title='bbox 204 989 265 1047; x_wconf 83' lang='lat' dir='ltr'>sab</span> <span class='ocrx_word' id='word_1_33' title='bbox 288 989 368 1048; x_wconf 89' lang='lat' dir='ltr'>hora</span> <span class='ocrx_word' id='word_1_34' title='bbox 389 989 567 1049; x_wconf 86' lang='lat' dir='ltr'>nativitatis</span> <span class='ocrx_word' id='word_1_35' title='bbox 589 998 663 1049; x_wconf 89' lang='lat' dir='ltr'>tuae</span> <span class='ocrx_word' id='word_1_36' title='bbox 686 1005 791 1066; x_wconf 93' lang='lat' dir='ltr'>usque</span> <span class='ocrx_word' id='word_1_37' title='bbox 814 988 853 1048; x_wconf 87' lang='lat' dir='ltr'>ad</span> <span class='ocrx_word' id='word_1_38' title='bbox 870 988 985 1047; x_wconf 88' lang='lat' dir='ltr'>horam</span> 
     </span>
     <span class='ocr_line' id='line_1_7' title="bbox 227 1073 986 1162; baseline -0.001 -17"><span class='ocrx_word' id='word_1_39' title='bbox 227 1085 342 1146; x_wconf 89' lang='lat' dir='ltr'>mortis</span> <span class='ocrx_word' id='word_1_40' title='bbox 364 1095 396 1146; x_wconf 95' lang='lat' dir='ltr'>et</span> <span class='ocrx_word' id='word_1_41' title='bbox 418 1087 605 1162; x_wconf 89' lang='lat' dir='ltr'>sepulturae</span> <span class='ocrx_word' id='word_1_42' title='bbox 629 1073 713 1147; x_wconf 86' lang='lat' dir='ltr'>tuae.</span> <span class='ocrx_word' id='word_1_43' title='bbox 758 1086 880 1146; x_wconf 86' lang='lat' dir='ltr'>Exinde</span> <span class='ocrx_word' id='word_1_44' title='bbox 903 1086 986 1145; x_wconf 93' lang='lat' dir='ltr'>mihi</span> 
     </span>
     <span class='ocr_line' id='line_1_8' title="bbox 227 1183 988 1260; baseline -0.001 -17"><span class='ocrx_word' id='word_1_45' title='bbox 227 1183 269 1244; x_wconf 91' lang='lat' dir='ltr'>sit</span> <span class='ocrx_word' id='word_1_46' title='bbox 283 1193 338 1244; x_wconf 90' lang='lat' dir='ltr'>tua</span> <span class='ocrx_word' id='word_1_47' title='bbox 353 1184 534 1244; x_wconf 89' lang='lat' dir='ltr'>reverenda</span> <span class='ocrx_word' id='word_1_48' title='bbox 550 1186 719 1260; x_wconf 89' lang='lat' dir='ltr'>sepultura</span> <span class='ocrx_word' id='word_1_49' title='bbox 733 1183 879 1244; x_wconf 93' lang='lat' dir='ltr'>omnium</span> <span class='ocrx_word' id='word_1_50' title='bbox 891 1200 988 1243; x_wconf 92' lang='lat' dir='ltr'>mun-</span> 
     </span>
     <span class='ocr_line' id='line_1_9' title="bbox 227 1280 987 1358; baseline -0.003 -17"><span class='ocrx_word' id='word_1_51' title='bbox 227 1281 384 1341; x_wconf 92' lang='lat' dir='ltr'>danorum</span> <span class='ocrx_word' id='word_1_52' title='bbox 406 1282 733 1358; x_wconf 83' lang='lat' dir='ltr'>perlecta&#39;clausura.</span> <span class='ocrx_word' id='word_1_53' title='bbox 771 1281 833 1340; x_wconf 92' lang='lat' dir='ltr'>Hic</span> <span class='ocrx_word' id='word_1_54' title='bbox 856 1280 987 1356; x_wconf 88' lang='lat' dir='ltr'>requie·</span> 
     </span>
     <span class='ocr_line' id='line_1_10' title="bbox 227 1378 988 1456; baseline -0.001 -17"><span class='ocrx_word' id='word_1_55' title='bbox 227 1397 326 1455; x_wconf 90' lang='lat' dir='ltr'>scam,</span> <span class='ocrx_word' id='word_1_56' title='bbox 341 1379 395 1439; x_wconf 93' lang='lat' dir='ltr'>hic</span> <span class='ocrx_word' id='word_1_57' title='bbox 406 1380 560 1456; x_wconf 91' lang='lat' dir='ltr'>habitem,</span> <span class='ocrx_word' id='word_1_58' title='bbox 575 1380 629 1439; x_wconf 91' lang='lat' dir='ltr'>hic</span> <span class='ocrx_word' id='word_1_59' title='bbox 645 1378 773 1440; x_wconf 91' lang='lat' dir='ltr'>cunctis</span> <span class='ocrx_word' id='word_1_60' title='bbox 790 1378 988 1438; x_wconf 81' lang='lat' dir='ltr'>tumultibus</span> 
     </span>
    </p>
   </div>
   <div class='ocr_carea' id='block_1_5' title="bbox 192 1475 1053 1635">
    <p class='ocr_par' dir='ltr' id='par_1_5' title="bbox 192 1475 1053 1635">
     <span class='ocr_line' id='line_1_11' title="bbox 192 1475 1053 1553; baseline -0.003 -18"><span class='ocrx_word' id='word_1_61' title='bbox 192 1496 217 1535; x_wconf 85' lang='lat' dir='ltr'>ro</span> <span class='ocrx_word' id='word_1_62' title='bbox 227 1476 370 1536; x_wconf 86' lang='lat' dir='ltr'>exclusis</span> <span class='ocrx_word' id='word_1_63' title='bbox 385 1487 493 1537; x_wconf 91' lang='lat' dir='ltr'>tecum</span> <span class='ocrx_word' id='word_1_64' title='bbox 506 1476 717 1553; x_wconf 89' lang='lat' dir='ltr'>sepeliendus</span> <span class='ocrx_word' id='word_1_65' title='bbox 732 1476 914 1552; x_wconf 83' lang='lat' dir='ltr'>ingrediar3</span> <span class='ocrx_word' id='word_1_66' title='bbox 930 1475 986 1535; x_wconf 94' lang='lat' dir='ltr'>ubi</span> <span class='ocrx_word' id='word_1_67' title='bbox 1052 1481 1053 1532; x_wconf 78' lang='lat'>3</span> 
     </span>
     <span class='ocr_line' id='line_1_12' title="bbox 226 1573 985 1635; baseline -0.001 -2"><span class='ocrx_word' id='word_1_68' title='bbox 226 1574 283 1634; x_wconf 89' lang='lat' dir='ltr'>tibi</span> <span class='ocrx_word' id='word_1_69' title='bbox 306 1575 367 1634; x_wconf 93' lang='lat' dir='ltr'>soli</span> <span class='ocrx_word' id='word_1_70' title='bbox 391 1576 502 1635; x_wconf 88' lang='lat' dir='ltr'>unitus</span> <span class='ocrx_word' id='word_1_71' title='bbox 528 1574 586 1635; x_wconf 95' lang='lat' dir='ltr'>toti</span> <span class='ocrx_word' id='word_1_72' title='bbox 606 1574 729 1634; x_wconf 93' lang='lat' dir='ltr'>mundo</span> <span class='ocrx_word' id='word_1_73' title='bbox 749 1582 899 1633; x_wconf 91' lang='lat' dir='ltr'>mortuus</span> <span class='ocrx_word' id='word_1_74' title='bbox 922 1573 985 1632; x_wconf 86' lang='lat' dir='ltr'>sim</span> 
     </span>
    </p>
   </div>
   <div class='ocr_carea' id='block_1_6' title="bbox 227 1671 602 1748">
    <p class='ocr_par' dir='ltr' id='par_1_6' title="bbox 227 1671 602 1748">
     <span class='ocr_line' id='line_1_13' title="bbox 227 1671 602 1748; baseline -0.003 -17"><span class='ocrx_word' id='word_1_75' title='bbox 227 1688 263 1731; x_wconf 91' lang='lat' dir='ltr'>ac</span> <span class='ocrx_word' id='word_1_76' title='bbox 285 1673 444 1748; x_wconf 91' lang='lat' dir='ltr'>sepultus.</span> <span class='ocrx_word' id='word_1_77' title='bbox 486 1671 602 1732; x_wconf 77' lang='lat' dir='ltr'>Amen.</span> 
     </span>
    </p>
   </div>
   <div class='ocr_carea' id='block_1_7' title="bbox 422 1891 790 2069">
    <p class='ocr_par' dir='ltr' id='par_1_7' title="bbox 422 1891 790 2069">
     <span class='ocr_line' id='line_1_14' title="bbox 589 1891 620 1940; baseline 0.032 -1"><span class='ocrx_word' id='word_1_78' title='bbox 589 1891 620 1940; x_wconf 92' lang='lat' dir='ltr'>V.</span> 
     </span>
     <span class='ocr_line' id='line_1_15' title="bbox 422 2001 790 2069; baseline -0.003 0"><span class='ocrx_word' id='word_1_79' title='bbox 422 2009 533 2069; x_wconf 81' lang='lat' dir='ltr'>Oratio</span> <span class='ocrx_word' id='word_1_80' title='bbox 555 2001 790 2068; x_wconf 61' lang='lat' dir='ltr'>od&#39;Christum.</span> 
     </span>
    </p>
   </div>
   <div class='ocr_carea' id='block_1_8' title="bbox 193 2103 1053 2336">
    <p class='ocr_par' dir='ltr' id='par_1_8' title="bbox 193 2103 1053 2336">
     <span class='ocr_line' id='line_1_16' title="bbox 193 2103 1053 2323; baseline 0.001 -103"><span class='ocrx_word' id='word_1_81' title='bbox 193 2103 446 2323; x_wconf 29' lang='lat' dir='ltr'>affieri&amp;</span> <span class='ocrx_word' id='word_1_82' title='bbox 476 2161 618 2220; x_wconf 89' lang='lat' dir='ltr'>Domine</span> <span class='ocrx_word' id='word_1_83' title='bbox 642 2161 716 2220; x_wconf 89' lang='lat' dir='ltr'>lesu</span> <span class='ocrx_word' id='word_1_84' title='bbox 739 2161 893 2237; x_wconf 81' lang='lat' dir='ltr'>Christe,</span> <span class='ocrx_word' id='word_1_85' title='bbox 915 2163 988 2221; x_wconf 92' lang='lat' dir='ltr'>vul·</span> <span class='ocrx_word' id='word_1_86' title='bbox 1052 2219 1053 2236; x_wconf 56' lang='grc'>,</span> 
     </span>
     <span class='ocr_line' id='line_1_17' title="bbox 349 2259 988 2336; baseline -0.003 -16"><span class='ocrx_word' id='word_1_87' title='bbox 349 2278 427 2321; x_wconf 91' lang='lat' dir='ltr'>nera</span> <span class='ocrx_word' id='word_1_88' title='bbox 438 2271 492 2322; x_wconf 91' lang='lat' dir='ltr'>tua</span> <span class='ocrx_word' id='word_1_89' title='bbox 503 2261 536 2320; x_wconf 92' lang='lat' dir='ltr'>in</span> <span class='ocrx_word' id='word_1_90' title='bbox 548 2260 645 2320; x_wconf 90' lang='lat' dir='ltr'>corde</span> <span class='ocrx_word' id='word_1_91' title='bbox 658 2277 732 2320; x_wconf 93' lang='lat' dir='ltr'>meo</span> <span class='ocrx_word' id='word_1_92' title='bbox 743 2259 988 2336; x_wconf 91' lang='lat' dir='ltr'>pretiosissimo</span> 
     </span>
    </p>
   </div>
   <div class='ocr_carea' id='block_1_9' title="bbox 226 2357 988 2434">
    <p class='ocr_par' dir='ltr' id='par_1_9' title="bbox 226 2357 988 2434">
     <span class='ocr_line' id='line_1_18' title="bbox 226 2357 988 2434; baseline -0.001 -18"><span class='ocrx_word' id='word_1_93' title='bbox 226 2357 384 2434; x_wconf 88' lang='lat' dir='ltr'>sanguine</span> <span class='ocrx_word' id='word_1_94' title='bbox 406 2369 478 2420; x_wconf 90' lang='lat' dir='ltr'>tuo:</span> <span class='ocrx_word' id='word_1_95' title='bbox 503 2371 538 2419; x_wconf 92' lang='lat' dir='ltr'>ut</span> <span class='ocrx_word' id='word_1_96' title='bbox 560 2360 592 2419; x_wconf 94' lang='lat' dir='ltr'>in</span> <span class='ocrx_word' id='word_1_97' title='bbox 615 2358 664 2419; x_wconf 92' lang='lat' dir='ltr'>eis</span> <span class='ocrx_word' id='word_1_98' title='bbox 687 2360 790 2434; x_wconf 88' lang='lat' dir='ltr'>legam</span> <span class='ocrx_word' id='word_1_99' title='bbox 813 2366 905 2417; x_wconf 93' lang='lat' dir='ltr'>tuum</span> <span class='ocrx_word' id='word_1_100' title='bbox 930 2357 988 2416; x_wconf 94' lang='lat' dir='ltr'>do·</span> 
     </span>
    </p>
   </div>
   <div class='ocr_carea' id='block_1_10' title="bbox 226 2455 1053 2517">
    <p class='ocr_par' dir='ltr' id='par_1_10' title="bbox 226 2455 1053 2517">
     <span class='ocr_line' id='line_1_19' title="bbox 226 2455 1053 2517; baseline 0.001 -4"><span class='ocrx_word' id='word_1_101' title='bbox 226 2455 328 2514; x_wconf 71' lang='lat' dir='ltr'>lolem</span> <span class='ocrx_word' id='word_1_102' title='bbox 351 2467 383 2515; x_wconf 74' lang='lat' dir='ltr'>ei</span> <span class='ocrx_word' id='word_1_103' title='bbox 404 2466 495 2516; x_wconf 73' lang='lat' dir='ltr'>tuum</span> <span class='ocrx_word' id='word_1_104' title='bbox 512 2469 656 2517; x_wconf 69' lang='lat' dir='ltr'>amorem</span> <span class='ocrx_word' id='word_1_105' title='bbox 672 2457 711 2516; x_wconf 73' lang='lat' dir='ltr'>ad</span> <span class='ocrx_word' id='word_1_106' title='bbox 727 2455 836 2516; x_wconf 82' lang='lat' dir='ltr'>omnia</span> <span class='ocrx_word' id='word_1_107' title='bbox 853 2466 989 2515; x_wconf 72' lang='lat' dir='ltr'>terrena</span> <span class='ocrx_word' id='word_1_108' title='bbox 1052 2483 1053 2508; x_wconf 46' lang='grc' dir='ltr'>ἒ</span> 
     </span>
    </p>
   </div>
   <div class='ocr_carea' id='block_1_11' title="bbox 189 2553 988 3019">
    <p class='ocr_par' dir='ltr' id='par_1_11' title="bbox 189 2553 988 3019">
     <span class='ocr_line' id='line_1_20' title="bbox 226 2553 988 2631; baseline 0 -19"><span class='ocrx_word' id='word_1_109' title='bbox 226 2564 259 2612; x_wconf 90' lang='lat' dir='ltr'>et</span> <span class='ocrx_word' id='word_1_110' title='bbox 280 2553 319 2613; x_wconf 93' lang='lat' dir='ltr'>ad</span> <span class='ocrx_word' id='word_1_111' title='bbox 342 2554 450 2613; x_wconf 90' lang='lat' dir='ltr'>omnia</span> <span class='ocrx_word' id='word_1_112' title='bbox 470 2555 607 2614; x_wconf 90' lang='lat' dir='ltr'>adversa</span> <span class='ocrx_word' id='word_1_113' title='bbox 622 2572 679 2631; x_wconf 95' lang='lat' dir='ltr'>pro</span> <span class='ocrx_word' id='word_1_114' title='bbox 696 2566 727 2614; x_wconf 90' lang='lat' dir='ltr'>te</span> <span class='ocrx_word' id='word_1_115' title='bbox 750 2555 891 2614; x_wconf 88' lang='lat' dir='ltr'>libenter</span> <span class='ocrx_word' id='word_1_116' title='bbox 912 2571 988 2614; x_wconf 89' lang='lat' dir='ltr'>sus·</span> 
     </span>
     <span class='ocr_line' id='line_1_21' title="bbox 189 2650 986 2729; baseline 0.004 -22"><span class='ocrx_word' id='word_1_117' title='bbox 189 2650 367 2724; x_wconf 74' lang='lat' dir='ltr'>rotinenda.</span> <span class='ocrx_word' id='word_1_118' title='bbox 420 2652 481 2712; x_wconf 89' lang='lat' dir='ltr'>Fac</span> <span class='ocrx_word' id='word_1_119' title='bbox 514 2670 585 2727; x_wconf 87' lang='lat' dir='ltr'>me,</span> <span class='ocrx_word' id='word_1_120' title='bbox 621 2669 760 2729; x_wconf 81' lang='lat' dir='ltr'>quaeso,</span> <span class='ocrx_word' id='word_1_121' title='bbox 792 2651 986 2728; x_wconf 80' lang='lat' dir='ltr'>participem</span> 
     </span>
     <span class='ocr_line' id='line_1_22' title="bbox 226 2749 987 2824; baseline 0.003 -18"><span class='ocrx_word' id='word_1_122' title='bbox 226 2764 337 2807; x_wconf 90' lang='lat' dir='ltr'>sacrae</span> <span class='ocrx_word' id='word_1_123' title='bbox 360 2749 523 2824; x_wconf 88' lang='lat' dir='ltr'>passionis</span> <span class='ocrx_word' id='word_1_124' title='bbox 544 2760 619 2810; x_wconf 89' lang='lat' dir='ltr'>tuae</span> <span class='ocrx_word' id='word_1_125' title='bbox 649 2759 680 2810; x_wconf 92' lang='lat' dir='ltr'>et</span> <span class='ocrx_word' id='word_1_126' title='bbox 701 2749 905 2809; x_wconf 89' lang='lat' dir='ltr'>acerbissimi</span> <span class='ocrx_word' id='word_1_127' title='bbox 930 2749 987 2809; x_wconf 95' lang='lat' dir='ltr'>do·</span> 
     </span>
     <span class='ocr_line' id='line_1_23' title="bbox 226 2845 988 2923; baseline 0.003 -19"><span class='ocrx_word' id='word_1_128' title='bbox 226 2846 315 2921; x_wconf 77' lang='lat' dir='ltr'>loriS,</span> <span class='ocrx_word' id='word_1_129' title='bbox 337 2863 434 2922; x_wconf 90' lang='lat' dir='ltr'>quem</span> <span class='ocrx_word' id='word_1_130' title='bbox 458 2845 642 2906; x_wconf 90' lang='lat' dir='ltr'>sustinuisti</span> <span class='ocrx_word' id='word_1_131' title='bbox 667 2847 699 2905; x_wconf 92' lang='lat' dir='ltr'>in</span> <span class='ocrx_word' id='word_1_132' title='bbox 722 2847 811 2923; x_wconf 88' lang='lat' dir='ltr'>gravi</span> <span class='ocrx_word' id='word_1_133' title='bbox 835 2845 866 2906; x_wconf 82' lang='lat' dir='ltr'>et&#39;</span> <span class='ocrx_word' id='word_1_134' title='bbox 889 2848 988 2922; x_wconf 87' lang='lat' dir='ltr'>longa</span> 
     </span>
     <span class='ocr_line' id='line_1_24' title="bbox 226 2942 987 3019; baseline -0.001 -15"><span class='ocrx_word' id='word_1_135' title='bbox 226 2944 426 3019; x_wconf 89' lang='lat' dir='ltr'>appensione</span> <span class='ocrx_word' id='word_1_136' title='bbox 443 2943 559 3003; x_wconf 91' lang='lat' dir='ltr'>crucis.</span> <span class='ocrx_word' id='word_1_137' title='bbox 586 2942 677 3003; x_wconf 89' lang='lat' dir='ltr'>Tunc</span> <span class='ocrx_word' id='word_1_138' title='bbox 693 2943 780 3003; x_wconf 89' lang='lat' dir='ltr'>enim</span> <span class='ocrx_word' id='word_1_139' title='bbox 791 2944 987 3004; x_wconf 88' lang='lat' dir='ltr'>benedictae</span> 
     </span>
    </p>
   </div>
   <div class='ocr_carea' id='block_1_12' title="bbox 226 3042 1053 3118">
    <p class='ocr_par' dir='ltr' id='par_1_12' title="bbox 226 3042 1053 3118">
     <span class='ocr_line' id='line_1_25' title="bbox 226 3042 1053 3118; baseline -0.001 -16"><span class='ocrx_word' id='word_1_140' title='bbox 226 3060 342 3102; x_wconf 92' lang='lat' dir='ltr'>manus</span> <span class='ocrx_word' id='word_1_141' title='bbox 365 3045 403 3102; x_wconf 94' lang='lat' dir='ltr'>ab</span> <span class='ocrx_word' id='word_1_142' title='bbox 426 3043 535 3118; x_wconf 92' lang='lat' dir='ltr'>impiis</span> <span class='ocrx_word' id='word_1_143' title='bbox 558 3042 782 3116; x_wconf 90' lang='lat' dir='ltr'>conclavatae‚</span> <span class='ocrx_word' id='word_1_144' title='bbox 805 3050 836 3101; x_wconf 92' lang='lat' dir='ltr'>et</span> <span class='ocrx_word' id='word_1_145' title='bbox 857 3042 986 3118; x_wconf 91' lang='lat' dir='ltr'>specio·</span> <span class='ocrx_word' id='word_1_146' title='bbox 1052 3051 1053 3058; x_wconf 74' lang='grc'>’</span> 
     </span>
    </p>
   </div>
   <div class='ocr_carea' id='block_1_13' title="bbox 190 3139 986 3312">
    <p class='ocr_par' dir='ltr' id='par_1_13' title="bbox 190 3139 986 3312">
     <span class='ocr_line' id='line_1_26' title="bbox 190 3139 986 3216; baseline 0.005 -22"><span class='ocrx_word' id='word_1_147' title='bbox 190 3139 349 3199; x_wconf 85' lang='lat' dir='ltr'>25sissimi</span> <span class='ocrx_word' id='word_1_148' title='bbox 381 3140 482 3216; x_wconf 90' lang='lat' dir='ltr'>pedes</span> <span class='ocrx_word' id='word_1_149' title='bbox 511 3139 556 3198; x_wconf 89' lang='lat' dir='ltr'>tui</span> <span class='ocrx_word' id='word_1_150' title='bbox 585 3139 672 3215; x_wconf 88' lang='lat' dir='ltr'>ligno</span> <span class='ocrx_word' id='word_1_151' title='bbox 701 3139 878 3199; x_wconf 91' lang='lat' dir='ltr'>durissimo</span> <span class='ocrx_word' id='word_1_152' title='bbox 908 3147 986 3199; x_wconf 92' lang='lat' dir='ltr'>sunt</span> 
     </span>
     <span class='ocr_line' id='line_1_27' title="bbox 226 3236 983 3312; baseline 0.001 -16"><span class='ocrx_word' id='word_1_153' title='bbox 226 3237 324 3297; x_wconf 83' lang='lat' dir='ltr'>affixi.</span> <span class='ocrx_word' id='word_1_154' title='bbox 373 3236 464 3297; x_wconf 89' lang='lat' dir='ltr'>Tunc</span> <span class='ocrx_word' id='word_1_155' title='bbox 494 3237 580 3296; x_wconf 90' lang='lat' dir='ltr'>enim</span> <span class='ocrx_word' id='word_1_156' title='bbox 610 3245 712 3296; x_wconf 90' lang='lat' dir='ltr'>toturn</span> <span class='ocrx_word' id='word_1_157' title='bbox 742 3253 861 3312; x_wconf 93' lang='lat' dir='ltr'>corpus</span> <span class='ocrx_word' id='word_1_158' title='bbox 891 3246 983 3297; x_wconf 92' lang='lat' dir='ltr'>tuum</span> 
     </span>
    </p>
   </div>
   <div class='ocr_carea' id='block_1_14' title="bbox 226 3333 1053 3409">
    <p class='ocr_par' dir='ltr' id='par_1_14' title="bbox 226 3333 1053 3409">
     <span class='ocr_line' id='line_1_28' title="bbox 226 3333 1053 3409; baseline -0.001 -16"><span class='ocrx_word' id='word_1_159' title='bbox 226 3333 270 3394; x_wconf 88' lang='lat' dir='ltr'>ita</span> <span class='ocrx_word' id='word_1_160' title='bbox 291 3343 462 3394; x_wconf 87' lang='lat' dir='ltr'>extensum</span> <span class='ocrx_word' id='word_1_161' title='bbox 486 3343 553 3409; x_wconf 85' lang='lat' dir='ltr'>est,</span> <span class='ocrx_word' id='word_1_162' title='bbox 577 3343 612 3394; x_wconf 95' lang='lat' dir='ltr'>ut</span> <span class='ocrx_word' id='word_1_163' title='bbox 633 3333 742 3394; x_wconf 87' lang='lat' dir='ltr'>omnia</span> <span class='ocrx_word' id='word_1_164' title='bbox 764 3351 839 3393; x_wconf 85' lang='lat' dir='ltr'>ossa</span> <span class='ocrx_word' id='word_1_165' title='bbox 860 3343 917 3394; x_wconf 86' lang='lat' dir='ltr'>tua</span> <span class='ocrx_word' id='word_1_166' title='bbox 940 3335 984 3394; x_wconf 94' lang='lat' dir='ltr'>di·</span> <span class='ocrx_word' id='word_1_167' title='bbox 1052 3337 1053 3342; x_wconf 77' lang='grc'>’</span> 
     </span>
    </p>
   </div>
   <div class='ocr_carea' id='block_1_15' title="bbox 226 3430 984 3508">
    <p class='ocr_par' dir='ltr' id='par_1_15' title="bbox 226 3430 984 3508">
     <span class='ocr_line' id='line_1_29' title="bbox 226 3430 984 3508; baseline 0.003 -17"><span class='ocrx_word' id='word_1_168' title='bbox 226 3431 390 3491; x_wconf 90' lang='lat' dir='ltr'>numerari</span> <span class='ocrx_word' id='word_1_169' title='bbox 413 3441 557 3507; x_wconf 89' lang='lat' dir='ltr'>possent.</span> <span class='ocrx_word' id='word_1_170' title='bbox 599 3430 691 3491; x_wconf 89' lang='lat' dir='ltr'>Tunc</span> <span class='ocrx_word' id='word_1_171' title='bbox 714 3430 872 3508; x_wconf 89' lang='lat' dir='ltr'>denique,</span> <span class='ocrx_word' id='word_1_172' title='bbox 897 3443 984 3508; x_wconf 91' lang='lat' dir='ltr'>post-</span> 
     </span>
    </p>
   </div>
   <div class='ocr_carea' id='block_1_16' title="bbox 226 3528 983 3675">
    <p class='ocr_par' dir='ltr' id='par_1_16' title="bbox 226 3528 983 3675">
     <span class='ocr_line' id='line_1_30' title="bbox 226 3528 983 3605; baseline 0.008 -19"><span class='ocrx_word' id='word_1_173' title='bbox 226 3545 321 3602; x_wconf 89' lang='lat' dir='ltr'>quam</span> <span class='ocrx_word' id='word_1_174' title='bbox 361 3528 498 3589; x_wconf 90' lang='lat' dir='ltr'>emisisti</span> <span class='ocrx_word' id='word_1_175' title='bbox 538 3529 686 3605; x_wconf 91' lang='lat' dir='ltr'>spiritum</span> <span class='ocrx_word' id='word_1_176' title='bbox 728 3529 983 3604; x_wconf 89' lang='lat' dir='ltr'>sanctissimum,</span> 
     </span>
     <span class='ocr_line' id='line_1_31' title="bbox 582 3634 629 3675; baseline 0 -7"><span class='ocrx_word' id='word_1_177' title='bbox 582 3634 629 3675; x_wconf 82' lang='grc'>352.</span> 
     </span>
    </p>
   </div>
   <div class='ocr_carea' id='block_1_17' title="bbox 0 0 1064 4186">
    <p class='ocr_par' dir='ltr' id='par_1_17' title="bbox 0 0 1064 4186">
     <span class='ocr_line' id='line_1_32' title="bbox 0 0 1064 4186; baseline 0 0"><span class='ocrx_word' id='word_1_178' title='bbox 0 0 1064 4186; x_wconf 95' lang='lat' dir='ltr'> </span> 
     </span>
    </p>
   </div>
  </div>
 </body>
</html>
