2128 4190
229 437 269 488 ffl
287 436 460 488 [SERMONES
472 436 511 478 DE
521 436 587 478 VITA
600 437 633 480 ET
646 435 793 478 PASSIONE
806 436 932 487 DOMINI]
950 437 990 487 ω

229 569 404 646 prolicere:
427 582 459 631 et
480 579 670 630 cunctarum
693 570 881 646 passionum
899 586 991 629 mea-

230 684 302 727 rum
313 667 467 727 salutaria
477 668 621 728 remedia
636 667 754 729 exinde
769 685 900 743 semper
915 685 991 727 sus-

230 767 349 842 cipere.
372 766 502 827 Vtinam
519 766 622 843 magis
643 775 674 826 et
689 766 884 842 profundius
903 765 989 825 mihi

230 865 268 924 ad
291 880 347 923 cor
368 873 511 924 transeat
533 881 629 940 quam
652 865 811 924 hactenus
834 863 928 923 iecit:
958 872 992 923 et

206 962 277 1022 ssic
299 978 352 1021 me
375 960 494 1022 alliciat
515 971 612 1039 atque
633 961 804 1036 informet,
832 961 992 1038 quemad·

230 1060 362 1119 modum
378 1060 498 1120 multos
513 1068 644 1119 sanctos
664 1066 696 1118 et
711 1065 839 1117 sanctas
854 1057 992 1132 saepius

230 1156 378 1216 accendit
393 1165 424 1216 et
440 1156 647 1232 compunxit;
663 1165 824 1231 quatenus
839 1154 938 1214 etiam
956 1155 991 1215 in

230 1254 295 1313 vita
322 1270 396 1314 mea
417 1253 595 1314 similitudo
618 1252 732 1313 mortis
754 1262 828 1313 tuae
851 1253 992 1312 resultet

229 1369 289 1427 per
309 1352 530 1428 operationem
554 1352 688 1428 spiritus
712 1361 745 1412 et
769 1350 992 1412 mortificatio·

196 1465 220 1506 ro
230 1466 305 1509 nem
328 1449 451 1509 carnis:
473 1449 664 1526 possimque
679 1450 758 1510 illud
774 1449 992 1509 memorabile

230 1547 365 1606 verbum
381 1547 519 1622 apostoli
536 1548 656 1624 dicere,
671 1548 747 1624 quia
760 1546 893 1609 Christo
908 1563 992 1607 con-

232 1645 315 1705 fixus
337 1662 410 1704 sum
433 1645 532 1705 cruci.
576 1647 614 1706 Et
642 1646 721 1705 illud
750 1662 853 1721 aeque
877 1661 992 1704 aman-

230 1742 393 1802 tissimum
410 1743 556 1818 verbum,
579 1753 690 1803 contra
709 1758 824 1803 omnes
840 1742 993 1803 carnales

231 1851 263 1901 et
273 1840 466 1916 vaniloquos
482 1840 594 1900 mundi
608 1840 773 1917 sapientes
787 1839 990 1916 praedicare.

197 1939 281 1997 1⁵De
304 1947 413 2006 cetero
436 1955 532 1998 nemo
555 1938 635 1998 mihi
658 1940 817 1998 molestus
839 1937 896 1997 sit:
926 1955 990 2014 ego

231 2034 318 2094 enim
334 2035 484 2111 stigmata
499 2035 573 2095 lesu
589 2035 622 2095 in
643 2052 779 2111 corpore
794 2052 867 2095 meo
884 2045 990 2111 porto.

232 2133 383 2193 Portabat
397 2133 511 2194 beatus
525 2135 693 2210 apostolus
710 2134 831 2193 Paulus
846 2133 992 2210 gloriosa

231 2240 262 2290 et
284 2230 427 2306 pretiosa
448 2231 598 2308 stigmata
619 2241 674 2292 tua
695 2232 727 2292 in
749 2246 884 2306 corpore
908 2247 990 2290 suo:

231 2345 304 2388 cum
334 2337 463 2404 praeter
492 2329 685 2390 cotidianam
717 2327 882 2406 passionis
912 2338 992 2388 tuae

194 2425 433 2500 aomemoriam,
461 2436 527 2487 toto
559 2427 667 2487 cordis
695 2426 814 2487 affectu
843 2426 992 2486 exterius

230 2523 342 2598 afiligi,
369 2532 400 2582 et
422 2523 577 2599 vilipendi
601 2542 658 2600 pro
680 2525 813 2585 nomine
834 2534 890 2584 tuo
912 2541 992 2600 gau-

232 2621 343 2695 debat3
366 2630 397 2680 et
413 2621 560 2697 quitquid
584 2622 795 2698 corporaliter
808 2638 918 2698 grave,
936 2622 990 2682 vel

231 2718 443 2794 spiritualiter
463 2720 637 2779 molestum
661 2720 836 2780 sentiebat:
858 2720 921 2779 hoc
943 2728 992 2779 to·

232 2826 299 2876 tum
329 2817 401 2876 leve
429 2826 461 2876 et
482 2817 618 2876 multum
642 2816 810 2877 tolerabile
839 2833 879 2876 ex
901 2834 992 2877 amo-

196 2930 307 2973 25rosa
321 2914 581 2975 consideratione
596 2917 770 2975 vulnerum
785 2926 915 2975 tuorum
932 2915 992 2975 du·

232 3013 333 3072 cebat.
372 3012 411 3071 Et
432 3012 505 3072 ideo
527 3014 715 3073 hortabatur
736 3029 851 3072 omnes
874 3011 991 3074 fideles

231 3119 392 3169 amatores
414 3118 488 3170 tuos
511 3095 633 3170 dicens.
663 3110 801 3186 Semper
816 3111 991 3172 mortilica·

231 3207 353 3267 tionem
377 3207 452 3267 lesu
481 3207 514 3267 in
544 3224 679 3284 corpore
708 3219 820 3269 nostro
850 3208 989 3269 circum-

233 3303 392 3364 feramus:
422 3318 456 3364 ut
485 3315 516 3364 et
545 3305 610 3364 vita
633 3305 706 3365 lesu
733 3305 766 3366 in
796 3307 989 3382 corporibus

195 3401 353 3462 mnostris
375 3401 610 3462 manifestetur.
647 3401 748 3462 Stude
770 3414 803 3463 et
823 3414 858 3464 tu
880 3405 990 3465 anima

232 3515 305 3558 mea
324 3500 386 3558 hoc
402 3499 508 3574 ipsum
525 3499 587 3559 iam
605 3499 723 3575 iacere,
745 3500 797 3561 his
812 3503 988 3579 praecipue

588 3603 629 3644 no
