2144 4194
69 474 381 527 &dmm
424 476 455 528 [3]
495 475 818 530 Qwfflw

70 607 155 682 prius
176 607 407 683 illustraveris3
429 620 590 684 quatenus
612 611 651 670 ab
667 610 755 670 omni
771 609 818 668 vi-

70 705 181 765 tiorum
202 707 344 767 tumultu
366 716 532 768 serenata:
561 708 594 768 in
621 716 728 768 tantae
754 708 818 767 sol·

70 803 238 863 lemnitatis
255 803 530 880 contemplatione
546 805 697 881 rapiatur.
729 804 818 864 Felix

70 899 221 960 festivitas
253 902 382 977 quando
418 913 450 962 et
482 903 604 963 mentis
633 902 818 963 iucunditas

71 997 216 1058 sentitur:
245 1009 278 1058 et
306 998 506 1074 spiritalibus
535 999 642 1075 epulis
669 999 776 1059 anima
800 1015 841 1057 as

71 1102 98 1152 te
127 1094 257 1155 invitata
294 1095 381 1172 large
414 1095 567 1156 relicitur.
619 1096 694 1157 Non
730 1096 817 1157 enim

71 1191 183 1252 festum
211 1192 292 1252 mihi
322 1204 388 1253 est:
416 1194 444 1254 si
473 1194 507 1253 in
537 1195 634 1254 corde
663 1212 729 1254 non
758 1204 818 1255 est.

70 1286 107 1347 At
126 1306 204 1350 vero
225 1289 349 1349 idcirco
371 1306 469 1367 saepe
485 1291 631 1351 exterius
648 1291 818 1352 recolitur:

70 1397 101 1447 ut
119 1388 240 1464 gratius
265 1397 298 1447 et
319 1387 494 1448 iucundius
516 1388 605 1448 intus
626 1390 818 1449 celebretur.

71 1483 147 1544 Nam
170 1484 332 1545 exteriora
347 1483 439 1560 festa,
461 1484 665 1545 internorum
681 1495 757 1545 sunt
771 1485 818 1544 in·
831 1504 856 1544 ro

70 1580 236 1642 citamenta
254 1582 430 1642 festorum:
452 1593 484 1642 et
499 1592 706 1644 aeternorum
722 1599 819 1660 quae·

69 1680 135 1740 darn
150 1681 320 1757 praesagia
333 1681 535 1758 gaudiorum.
568 1681 707 1758 Quando
722 1680 822 1757 igitur

69 1779 281 1840 exterioribus
304 1778 536 1839 festivitatibus
564 1778 701 1839 interior
721 1779 819 1837 homo

69 1893 160 1937 meus
180 1878 265 1937 bene
286 1876 460 1936 concordat
482 1886 514 1936 et
536 1876 733 1953 congaudet3
754 1892 820 1934 non

69 1973 144 2034 mihi
168 1974 229 2034 iam
246 1974 385 2050 simplex
400 1974 459 2033 sed
475 1974 594 2051 duplex
610 1975 729 2035 festum
745 1989 820 2033 esse
832 1995 857 2035 rs

69 2071 208 2133 videtur:
241 2073 317 2149 quia
338 2072 425 2148 quod
449 2072 528 2132 foris
550 2071 670 2149 agitur,
692 2070 821 2131 abintus

69 2170 209 2230 sanctius
224 2180 364 2232 tenetur.
398 2171 454 2232 Est
469 2171 565 2231 etiam
582 2170 687 2230 maius
702 2170 821 2246 duplex

69 2267 201 2329 festum:
230 2279 282 2329 est
310 2278 342 2329 et
370 2269 540 2329 sollemne.
592 2268 686 2345 Quae
714 2267 822 2327 anima

69 2364 219 2440 spiritalis
235 2376 268 2427 et
283 2367 399 2426 devota
414 2366 533 2427 melius
548 2365 722 2442 intellegit:
737 2380 821 2441 quae

68 2462 138 2522 talia
159 2463 192 2523 in
215 2463 332 2539 spiritu
355 2473 387 2523 et
407 2463 544 2524 veritate
564 2463 729 2523 celebrare
746 2479 857 2522 con-ao

68 2559 178 2621 suevit.
222 2559 499 2637 Spiritualis
530 2561 645 2621 enim
677 2559 822 2621 omnia

68 2655 233 2718 iudicat.
267 2659 304 2718 Et
326 2669 482 2735 quantum
498 2677 599 2719 unum
617 2659 736 2719 festum
753 2674 821 2717 cor·

69 2755 114 2815 dis
141 2757 181 2816 ab
211 2756 313 2817 altero
341 2757 466 2833 differt,
497 2767 594 2834 atque
622 2756 822 2817 iucunditate

69 2854 198 2929 speciali
228 2855 410 2930 praecellit:
438 2855 510 2931 ipsa
538 2855 577 2914 ad
606 2871 702 2930 quam
728 2854 821 2913 Iesus

68 2952 177 3012 venire
200 2961 239 3012 et
260 2968 304 3011 se
325 2951 367 3012 in
389 2952 455 3012 die
479 2952 588 3012 festo
611 2952 858 3012 manifestarem

69 3048 231 3126 dignatur,
259 3049 351 3109 suavi
381 3050 475 3110 docta
497 3049 698 3124 experientia
719 3048 821 3108 satius

69 3147 164 3208 novit.
208 3147 282 3222 Ipse
311 3156 362 3206 est
388 3146 476 3207 enim
499 3147 538 3206 de
561 3163 625 3222 quo
648 3146 822 3224 praecipua

70 3243 148 3306 festa
176 3243 461 3305 sollemnizantur:
491 3254 523 3304 et
551 3243 660 3319 beata,
690 3243 741 3303 cui
769 3260 821 3302 oc·

69 3342 182 3418 currit,
211 3359 247 3401 ac
271 3357 345 3401 sese
368 3342 526 3402 laetanter
546 3341 722 3401 videndum
746 3356 821 3399 con-

69 3439 211 3501 cesserit.
243 3437 391 3500 Aestimo
411 3450 519 3500 autem
541 3440 627 3516 quod
649 3456 714 3499 non
736 3455 858 3500 sem-ao

70 3553 123 3612 per
157 3555 224 3598 uno
260 3537 442 3614 eodemque
478 3536 662 3597 devotionis
702 3536 820 3596 affectu

432 3641 459 3684 77
