2144 4194
88 440 847 494 mmmmm

89 574 266 635 mulierum
303 591 340 634 es
375 574 485 635 libera.
542 575 662 635 Merito
700 575 846 636 exultare

88 682 182 749 potes
211 673 245 732 in
276 672 350 732 Iesu
379 673 511 734 salutari
541 681 613 749 tuo;
644 672 719 750 quia
747 689 845 750 quern

88 773 169 832 caeli
200 788 267 830 non
296 771 443 847 capiunt,
471 781 505 832 tu
529 772 621 831 ioves
650 771 683 830 in
704 771 846 848 gremio:

89 879 120 930 et
141 870 266 930 sanctis
287 870 437 930 manibus
452 870 516 930 tuis
533 870 639 946 ipsum
656 871 797 931 collocas
811 871 845 931 in

87 966 271 1042 praesepio.
314 966 434 1026 Merito
457 968 572 1027 adoras
594 985 635 1027 ex
656 977 687 1027 te
710 967 743 1026 in
766 978 868 1028 tem-5

88 1081 167 1139 pore
190 1073 319 1124 natum:
342 1081 439 1140 quern
462 1075 615 1141 superte
637 1065 703 1126 scis
725 1066 845 1126 habere

90 1162 198 1221 Deum
215 1161 355 1222 Patrem.
384 1161 504 1221 Merito
520 1162 566 1221 illi
583 1162 718 1223 exhibes
733 1164 846 1224 matris

89 1259 253 1320 officium:
269 1259 324 1336 qui
340 1259 396 1320 tibi
413 1259 610 1321 inviolabilis
625 1261 845 1338 generationis

89 1357 177 1418 dedit
192 1357 358 1438 effectum.
380 1358 500 1418 Merito
511 1358 545 1417 in
561 1358 616 1420 iilo
627 1375 726 1434 super
737 1359 846 1419 omnia

89 1457 211 1516 exultat
240 1455 375 1531 spiritus
397 1466 489 1516 tuus:
519 1455 613 1515 cuius
634 1456 736 1532 gratia
762 1455 846 1516 facta
857 1473 881 1514 ιο

89 1561 213 1612 estam
236 1551 387 1612 sublimis
402 1562 435 1613 et
457 1553 669 1613 caelestis.
700 1554 846 1613 Laudent

5 1717 11 1736 Κ
89 1659 119 1710 te
151 1651 279 1710 caelum
311 1660 343 1711 et
373 1660 474 1710 terra:
511 1659 543 1710 et
573 1650 680 1711 omnis
711 1661 845 1711 ornatus

5 1739 8 1746 ’
90 1765 203 1808 eorum
235 1747 410 1824 gratiarum
447 1749 503 1809 tibi
535 1750 655 1810 referat
689 1749 845 1809 actiones.

5 1877 7 1892 ν
92 1847 213 1906 Laudet
225 1855 257 1906 te
273 1846 380 1906 anima
395 1863 468 1906 inea
482 1847 613 1906 domina
628 1846 844 1907 carissima:

91 1955 121 2005 et
148 1946 287 2006 omnia
315 1946 521 2007 interiora
549 1963 634 2006 ntea
663 1945 880 2006 iubilentrs

93 2060 228 2103 coram
250 2053 289 2104 te
311 2061 398 2104 curn
421 2044 844 2104 summareverentia.

5 2129 7 2202 't
91 2141 165 2201 Non
194 2140 318 2201 sufficit
340 2142 465 2218 lingua,
493 2152 548 2202 tua
576 2159 728 2202 enarrare
754 2158 844 2217 prae-

90 2240 199 2300 conia:
229 2256 290 2300 nec
312 2257 407 2300 mens
429 2240 577 2300 meditari
599 2251 655 2301 tua
677 2240 844 2316 magnalia.

91 2337 166 2397 Ideo
190 2354 264 2397 curn
289 2337 471 2398 humilitate
500 2339 689 2414 praecipua:
719 2338 775 2398 tibi
797 2338 844 2397 in-

89 2436 175 2495 clino
197 2437 282 2496 alma
304 2436 365 2496 Dei
387 2437 535 2512 genetrix
556 2435 669 2496 Maria.
706 2435 880 2511 Suscipezo

89 2544 162 2594 vota
184 2550 271 2594 rnea:
300 2546 332 2594 et
353 2534 406 2610 pio
436 2533 554 2594 affectu
584 2534 713 2594 attende
736 2534 844 2593 cordis

90 2633 151 2692 mei
176 2633 348 2694 desideria.

128 2731 267 2808 Quaerit
282 2731 388 2791 anima
404 2747 476 2790 mea
493 2731 604 2792 videre
621 2731 746 2790 Iesum:
769 2729 845 2806 quia

87 2828 156 2888 scio
179 2828 287 2904 ipsum
310 2829 525 2889 essebonum
542 2846 662 2889 meum.
696 2826 843 2888 Ostende

88 2927 167 2986 mihi
183 2928 374 2987 thesaurum
390 2927 630 2988 absconditum:
645 2943 742 3004 quem
759 2926 879 3001 apudzs

87 3034 119 3083 te
135 3023 238 3083 habes
254 3024 467 3085 reconditum.
493 3024 603 3086 Credo
615 3023 724 3083 lesum
740 3023 842 3084 filiurn

87 3122 148 3181 Dei
173 3138 249 3181 esse
271 3121 491 3198 unigenitum:
520 3131 552 3181 et
579 3131 654 3182 tuae
684 3122 843 3182 fecundae

7 3225 12 3248 ’
86 3219 283 3297 virginitatis
313 3221 575 3298 primogenitum.
626 3220 735 3296 Ipsum
768 3238 843 3280 con·

88 3315 296 3378 iiteorDeum
307 3318 843 3394 meum‚CreatorernacRedemp-

87 3425 190 3476 torem
203 3433 329 3477 rneurn:
345 3433 403 3493 pro
414 3433 487 3476 mea
497 3418 601 3476 salute
613 3416 709 3476 hodie
721 3425 841 3476 natum.
851 3435 878 3475 so

89 3515 199 3591 Ipsum
214 3532 273 3590 per
288 3525 319 3575 te
330 3531 451 3591 quaero
462 3514 590 3574 videre:
606 3524 638 3575 et
653 3523 843 3574 reverenter

447 3623 484 3663 115
698 3618 727 3660 8·
