2128 4190
67 459 386 515 ῶτεεῶτεεῶῶεῶῶε
423 464 467 515 [211
501 463 822 518 ῑῶεῶτῶεῶιῶεῶῶεῶ

67 593 173 655 Iesum
195 596 386 657 crucifixum
410 598 599 658 interiorem
622 599 730 658 cordis
746 615 821 659 ocu·

65 692 129 752 lum
152 693 266 769 dirige.
303 695 408 771 Vigila
430 712 488 771 pro
510 713 597 756 nunc
619 697 768 772 sollicite,
790 708 822 756 et

66 809 136 853 cum
167 794 243 853 Iesu
273 794 306 853 in
335 807 445 855 monte
468 795 589 856 Oliveti
619 813 676 856 ora
701 797 740 855 ad
764 797 822 855 Pa-

65 899 163 965 trem:
195 901 229 951 ut
257 891 342 952 sicut
370 892 399 953 ei
429 893 523 954 datus
549 904 598 954 est
620 893 703 953 calix
723 894 821 953 bene-

65 989 168 1050 dictae
192 991 356 1066 passionis
378 993 416 1051 ad
438 992 631 1052 bibendum:
654 993 698 1051 ita
717 1001 748 1052 et
762 991 842 1051 tibis

65 1089 206 1148 donetur
227 1089 345 1149 ardens
367 1090 504 1151 affectus
527 1091 565 1150 ad
588 1107 737 1150 amorose
759 1090 820 1149 sibi
839 1132 841 1136 .

65 1187 339 1263 compatiendum.
383 1188 462 1248 Plus
489 1189 576 1248 enim
608 1187 757 1248 invenies
789 1188 822 1246 in

64 1284 258 1345 vulneribus
288 1285 362 1344 lesu
390 1285 532 1346 Christi:
561 1303 657 1362 quam
687 1285 720 1344 in
749 1302 822 1361 pos-

64 1381 217 1441 sessione
239 1381 338 1441 totius
361 1383 483 1442 mundi.
516 1383 554 1442 Et
575 1383 608 1442 in
631 1383 821 1458 ampliorem

65 1479 188 1539 mentis
202 1488 368 1554 stuporem
385 1480 522 1540 adducet
537 1490 568 1540 te
584 1481 680 1539 unica
696 1479 821 1541 Christi
834 1495 858 1537 ro

64 1576 192 1650 passio:
216 1593 311 1652 quam
332 1578 477 1637 omnium
495 1595 603 1637 rerum
619 1577 821 1637 conditarum

64 1674 255 1750 speculatio.
300 1674 371 1733 Hoc
394 1673 467 1735 ideo
490 1674 576 1750 dico,
599 1686 633 1735 ut
655 1691 731 1751 erga
752 1693 823 1751 pas·

64 1773 193 1832 sionem
227 1771 352 1833 Christi
384 1773 523 1848 amplius
556 1772 741 1849 fervescas3
776 1774 823 1832 in-

64 1870 189 1931 tentius
204 1870 280 1930 inde
295 1871 434 1947 cogites:
457 1871 556 1931 immo
572 1872 693 1931 nullam
709 1873 822 1931 horam

65 1985 126 2028 nec
149 1968 237 2028 diem
260 1969 332 2028 sine
348 1969 419 2028 eius
442 1969 667 2029 recordatione
682 1979 823 2046 praeter·
835 1987 859 2027 15

66 2067 186 2126 mittas
219 2067 301 2127 Nam
325 2067 482 2144 quidquid
504 2067 536 2126 in
560 2068 632 2127 aliis
654 2068 749 2127 dictis
771 2068 823 2126 vel

67 2163 163 2224 iactis
179 2172 364 2223 sanctorum
381 2164 462 2239 legis
478 2174 509 2224 et
525 2164 628 2239 audis,
645 2165 707 2224 hoc
723 2165 824 2225 multo

65 2260 235 2337 copiosius
265 2269 296 2319 et
325 2259 514 2334 saporosius
543 2259 576 2319 in
601 2259 667 2319 vita
696 2271 727 2320 et
753 2277 824 2336 pas-

65 2359 163 2418 sione
179 2357 304 2418 Christi
321 2356 480 2417 invenies.
511 2355 647 2416 Excellit
662 2357 823 2434 siquidem

66 2455 195 2517 Christi
223 2455 409 2515 veneranda
434 2455 561 2531 passio,
589 2472 704 2515 omnes
733 2474 860 2516 sanc-ao

64 2565 176 2614 torum
198 2553 370 2629 passiones
391 2553 502 2612 multis
525 2553 646 2628 modis:
668 2554 744 2630 quia
758 2571 825 2612 om·
893 2603 895 2608 .

65 2652 161 2712 nium
177 2663 363 2712 sanctorum
379 2651 550 2726 passiones
563 2669 603 2710 ex
618 2651 688 2711 sola
699 2652 824 2713 Christi

65 2749 222 2825 passione
251 2748 469 2809 sanctificatae
498 2759 590 2808 sunt:
620 2760 651 2809 et
676 2751 746 2809 Deo
775 2767 824 2809 ac-

66 2847 247 2924 ceptabiles
276 2857 372 2922 atque
400 2847 585 2907 meritoriae
607 2864 666 2922 per
687 2858 823 2907 mortem

67 2945 175 3021 ipsius
204 2945 349 3005 effectae.
393 2946 466 3020 Ipse
496 2955 546 3004 est
574 2945 661 3004 enim
686 2944 862 3005 Sanctus25

66 3053 256 3103 sanctorum
286 3043 341 3119 qui
371 3043 467 3102 habet
497 3052 689 3117 potestatem
720 3043 839 3122 dimit-¹

66 3141 158 3201 tendi
196 3139 385 3200 hominibus
428 3149 559 3215 peccata
594 3157 727 3214 eorum:
770 3141 824 3217 qui

67 3237 228 3315 gratificat
259 3248 375 3298 cuncta
408 3238 493 3296 bona
516 3254 628 3312 ‘opera
663 3237 824 3312 ipsorum:

68 3353 106 3396 ac
123 3347 229 3396 semet
243 3336 350 3412 ipsum
367 3335 454 3395 dedit
472 3335 505 3395 in
521 3335 717 3396 oblationem
734 3353 826 3395 sanc·

68 3447 136 3495 tam
153 3436 233 3510 Deo,
256 3435 289 3494 in
312 3434 568 3510 redemptionem
590 3435 735 3494 omnium
752 3451 860 3508 pec-ao

67 3545 225 3593 catorum.

431 3637 468 3678 179
678 3635 718 3676 12*
