2114 4168
502 433 620 474 Adnuntio
634 434 718 476 critice.

268 568 344 641 266,
365 565 486 642 equod
508 563 650 626 Thomas
678 565 853 626 manifesto
876 581 987 626 errore

229 646 386 706 concessit
397 645 530 722 scripsit
543 663 602 722 pro
616 646 810 716 conscendit,
830 645 864 705 id
880 656 985 706 ortum

229 743 304 786 esse
326 727 396 786 veri
419 726 527 787 simile
549 736 600 787 est
618 727 778 788 memoria
791 728 986 787 anteceden-

228 806 309 867 tium
326 807 470 868 animum
493 807 668 868 scribentis
683 807 776 884 quasi
798 807 833 867 in
854 807 987 884 languo-

228 904 298 947 rem
327 889 489 964 quendam
519 897 685 964 vertente,
713 905 787 948 cum
808 890 886 963 265,
915 905 947 946 n.
964 904 989 945 ιε

228 968 369 1044 legatur:
381 985 441 1044 pro
456 969 550 1028 asino
565 969 623 1029 tibi
638 969 773 1028 breviter
784 969 987 1028 concedendo

228 1057 260 1108 et
274 1052 344 1124 265,
360 1067 400 1109 re:
422 1066 540 1124 equum
563 1065 662 1109 unum
677 1049 869 1109 concederet.
903 1049 986 1108 Nam

227 1126 385 1190 Thomam
416 1147 476 1206 per
510 1129 718 1190 inscientiam
750 1146 910 1205 peccasse
940 1129 986 1188 in-

228 1210 383 1270 credibile
403 1220 454 1271 est
472 1213 538 1285 162,
558 1227 584 1268 n
606 1210 735 1270 asinum
757 1209 942 1270 ascendisse
955 1219 986 1270 et

227 1291 330 1352 vol.V
344 1295 393 1366 45,
407 1307 441 1351 eo.
457 1307 481 1348 21
498 1291 626 1350 domum
641 1291 736 1351 aselli
812 1291 987 1351 ascendisti

226 1371 362 1431 verbum
384 1371 419 1430 in
440 1380 588 1448 tempora
609 1380 698 1431 recte
720 1371 950 1432 declinantem.

265 1454 335 1526 285,
356 1467 370 1508 2
390 1449 514 1521 de-llme
535 1469 593 1528 pro
615 1453 773 1512 debemus.
803 1451 920 1511 Simile
940 1451 986 1510 in-

226 1532 415 1592 solentioris
430 1532 615 1608 compendii
627 1533 813 1608 exemplum
830 1533 987 1592 exhibent

225 1611 389 1688 Walther‚
426 1613 501 1673 Lex.
533 1613 609 1689 dipl.
641 1615 700 1688 70,
733 1630 776 1687 ιο,
808 1612 987 1686 Chassam,

226 1691 450 1754 Dictionnaire
465 1694 524 1753 des
535 1692 775 1767 Abreviations,
791 1693 885 1753 Paris
900 1696 986 1767 1884,

225 1790 255 1848 p.
278 1775 335 1848 20,
364 1773 531 1850 Cappelli‚
561 1773 702 1834 Lexicon
732 1773 985 1834 Abbreviatura-

226 1870 308 1928 rum,
331 1854 455 1914 Milano
474 1857 560 1931 1899,
581 1873 612 1931 p.
625 1858 682 1915 81:
704 1854 769 1930 det,
791 1853 833 1913 id.
851 1854 986 1930 Leipzig

228 1936 314 2008 1901,
336 1953 365 2011 p.
386 1938 443 1994 81:
464 1936 529 2000 det.

265 2016 334 2090 297,
358 2032 382 2072 re
404 2015 543 2091 colon(:)
564 2016 636 2074 loco
658 2014 769 2091 puncti
780 2015 814 2090 (.)
832 2024 908 2090 post
929 2014 985 2075 de-

227 2095 291 2155 leta
313 2095 450 2155 maxime
466 2097 661 2171 placuerunt
680 2105 815 2156 autnon
838 2094 985 2156 deletum

226 2184 280 2235 aut
302 2192 367 2235 non
390 2185 547 2236 mutatum
571 2187 631 2236 est.

265 2257 344 2331 317,
371 2273 384 2312 e
415 2267 488 2333 post
519 2256 649 2316 animae
680 2271 769 2316 meae
799 2256 880 2316 haec
912 2253 987 2326 Asc,
1048 2289 1049 2306 .

225 2352 322 2411 quem
352 2347 486 2397 secutus
515 2346 565 2397 est
594 2335 727 2410 S(SII,
752 2335 841 2406 SIII,
870 2334 987 2410 81111),

224 2417 337 2476 nescio
353 2417 439 2477 unde
456 2426 594 2493 sumpta,
610 2434 693 2494 quae
709 2417 742 2476 in
757 2416 824 2486 A2,
839 2417 889 2486 Pr,
905 2416 986 2486 Nor,

223 2494 325 2557 SVIlI
337 2514 402 2557 non
418 2499 580 2575 leguntur,
597 2495 820 2574 interpolavit:
836 2497 986 2557 Monstra

224 2576 303 2637 milri
316 2578 387 2637 vias
404 2579 629 2638 mandatorum
646 2583 782 2647 tuorum,
804 2582 839 2637 vt
855 2593 982 2637 curram

222 2673 287 2716 eas.
311 2659 395 2718 Doce
410 2675 459 2718 me
472 2659 604 2719 semitas
619 2658 826 2718 consiliorum
842 2663 983 2728 tuorum,

221 2742 256 2795 vt
283 2739 442 2798 ambulem
472 2740 505 2798 in
533 2739 588 2798 via
617 2739 836 2798 immaculata.
881 2738 986 2814 Auser

222 2819 408 2879 caecitatem
438 2835 540 2879 meam
570 2835 609 2878 ne
629 2819 673 2878 sit
696 2835 760 2878 non
788 2818 870 2877 satis
892 2834 981 2877 mon-

221 2903 357 2958 strasse:
385 2899 519 2976 infunde
539 2899 677 2975 gratiam
699 2899 831 2974 spiritus
853 2898 902 2958 tui
923 2899 982 2974 qui

220 2979 356 3039 deducet
376 2996 424 3040 me
446 2980 479 3039 in
501 2979 588 3039 viam
611 2984 736 3039 rectam.

260 3060 432 3134 Magister¹
454 3061 547 3119 Deus.

260 3140 459 3200 Intellectum
481 3141 539 3200 tibi
560 3140 654 3210 eabe,
675 3144 709 3199 et
722 3139 879 3200 instruam
896 3143 926 3199 te
944 3139 978 3199 in

220 3220 274 3280 via
296 3222 357 3280 trac
378 3237 444 3295 qua
463 3219 637 3296 gradieris:
660 3221 798 3295 finnabo
826 3236 924 3296 super
948 3226 978 3280 te
1045 3223 1046 3241 ³

220 3301 330 3360 oculos
358 3317 461 3372 meos,
490 3301 634 3378 itemque
654 3302 731 3376 317,
754 3317 775 3357 n
807 3301 836 3360 si
863 3301 912 3360 vis
934 3302 977 3360 ad

219 3381 318 3440 vitam
342 3381 463 3456 ingredi
484 3391 557 3458 post
585 3381 714 3450 utilius,
738 3398 762 3438 1³
784 3397 848 3439 non
870 3382 974 3440 solum

248 3528 255 3554 ¹
269 3527 334 3578 Apud
349 3526 392 3568 Asc
405 3527 512 3578 Magister
525 3529 595 3570 deest.

575 3608 616 3649 432
