2144 4194
93 443 426 498 campense-amoma
469 446 500 497 [o
542 447 862 500 ramaauesaaosa

95 593 156 636 me
188 586 300 638 totum.
343 579 499 639 Melius
529 589 578 640 est
607 580 693 640 enim
724 590 765 641 ut
793 599 863 641 cor

95 691 236 734 meum
274 676 393 736 lesus
429 677 579 737 habeat
615 694 732 754 quam
769 695 862 754 eg0;

95 771 183 849 quia
205 789 278 832 curn
301 773 356 834 illo
372 785 422 834 est
441 775 474 834 in
489 792 585 852 pace:
609 792 737 835 mecum
753 785 860 836 autem

95 871 134 930 in
153 870 311 946 inquiete.
335 871 397 931 Hic
409 871 567 932 dormiam
578 872 631 932 hic
643 873 862 948 requiescam:

96 980 133 1030 et
159 969 272 1028 suavis
294 970 355 1030 erit
377 987 513 1030 somnus
536 987 640 1030 meus.
670 970 733 1030 Hic
755 971 884 1031 medias

95 1077 203 1128 nocte
218 1083 347 1144 surgam
363 1068 403 1127 ad
418 1067 639 1129 confitendum
656 1068 729 1128 tibi:
753 1079 784 1128 et
803 1087 860 1145 pro

96 1164 235 1226 delictis
249 1165 332 1224 meis
349 1165 557 1242 deprecabor.
587 1167 636 1226 De
652 1183 748 1226 mane
763 1167 861 1244 evigi-

97 1263 179 1322 labo
201 1262 240 1321 ad
262 1272 310 1322 te:
339 1273 370 1323 et
398 1263 521 1323 nomini
552 1274 607 1323 tuo
637 1265 772 1324 cantabo
796 1275 861 1326 tota

96 1361 170 1420 die.
199 1351 232 1420 Si
251 1361 360 1421 exiero
383 1361 487 1421 dicam
510 1362 574 1422 cito
598 1372 757 1422 revertar:
780 1373 811 1423 et
833 1364 860 1424 si

97 1458 161 1518 diu
177 1458 356 1534 tardavero,
372 1458 502 1519 veniam
517 1459 707 1534 impetrabo.
739 1461 859 1521 lterum
872 1474 896 1515 10

97 1556 204 1616 orabo
221 1565 252 1615 et
268 1555 383 1615 faeiem
397 1566 484 1617 tuam
500 1556 650 1634 placabo:
666 1574 727 1617 nec
742 1559 860 1634 gratias

97 1669 202 1729 agere
231 1654 376 1714 cessabo.
420 1653 556 1731 Surgam
586 1654 619 1713 in
648 1655 860 1717 admiratione

98 1766 233 1826 magna:
246 1761 277 1810 et
287 1751 423 1812 laudabo
433 1751 625 1811 mellifluum
637 1768 757 1812 nomen
768 1762 859 1814 tuum

97 1848 314 1909 benedictum
343 1849 376 1908 in
406 1850 546 1909 saecula.
590 1848 717 1909 Sedebo
742 1850 858 1910 iterum

99 1947 137 2006 in
161 1956 350 2022 paupertate
364 1963 454 2023 mea;
476 1947 587 2006 sciens
602 1947 688 2023 quod
704 1965 769 2007 non
785 1965 857 2008 sum
871 1964 895 2014 15

98 2043 222 2120 dignus
251 2060 312 2103 nec
344 2044 515 2105 sufficiens
546 2044 687 2120 cogitare
718 2055 782 2105 tarn
812 2046 858 2105 in-

98 2141 248 2202 effabilia
270 2144 370 2202 bona:
393 2159 493 2218 super
508 2141 617 2201 omnia
632 2142 859 2202 desiderabilia

99 2239 216 2300 mundi
234 2240 355 2300 suavia.
386 2240 513 2301 Deinde
529 2248 719 2300 reverenter
738 2250 770 2300 te
785 2240 858 2300 ado-

99 2338 199 2398 rabo:
215 2347 247 2398 et
262 2337 371 2397 omnia
385 2337 470 2397 bona
485 2346 540 2397 tua
554 2337 611 2397 ribi
627 2340 859 2415 praesentab03
891 2380 893 2386 r

99 2436 221 2494 volens
243 2446 274 2495 et
297 2434 434 2510 cupiens
457 2445 491 2496 ut
513 2435 622 2495 omnia
637 2452 735 2512 opera
756 2445 811 2495 tua
827 2445 895 2495 tezo

98 2533 251 2593 laudent:
281 2533 431 2608 quamvis
460 2533 557 2608 plene
585 2543 617 2592 te
646 2532 777 2592 laudare
804 2549 859 2592 ne·

97 2638 232 2706 queant.
263 2629 493 2703 Propterea
514 2645 604 2705 rogo
621 2638 659 2688 ut
681 2638 717 2688 te
735 2629 857 2705 ipsum

97 2738 142 2787 tu
166 2727 256 2802 ipse
279 2726 442 2801 laudes3
464 2725 657 2802 quianisi
680 2736 716 2786 te
734 2725 857 2802 ipsum

99 2823 363 2885 laudaveris:
388 2840 605 2900 numquam
629 2824 714 2884 eris
736 2824 858 2899 plene

99 2922 269 2999 etdigne
292 2922 495 2982 laudatus.
527 2921 635 2982 Lauda
649 2939 736 2981 nunc
752 2921 894 2990 animazs

99 3037 176 3080 mea
192 3019 386 3080 Dominum:
409 3020 503 3079 lauda
525 3021 632 3078 Deum
654 3028 745 3078 tuum
769 3019 857 3080 Sion.

101 3118 212 3177 Lauda
235 3118 343 3178 lesum
367 3117 585 3192 Salvatorem3
610 3117 690 3177 etsi
714 3117 857 3193 perfecte

99 3215 234 3275 laudare
263 3233 329 3276 non
351 3225 461 3291 potes:
490 3224 598 3275 tamen
621 3231 661 3274 ex
687 3224 777 3290 parte
799 3232 857 3291 pro

99 3312 227 3374 viribus
249 3313 469 3374 tuis-laudare
491 3330 532 3372 ne
555 3330 677 3373 cesses.

143 3410 294 3471 Laudabo
316 3420 348 3471 te
372 3411 446 3471 lesu
468 3412 570 3487 bone,
596 3412 701 3472 dulcis
723 3429 804 3487 puer
826 3420 857 3470 et
866 3432 894 3479 ao

98 3508 238 3568 amande
260 3508 293 3567 in
316 3508 382 3568 vita
404 3525 491 3568 mea:
517 3510 652 3584 psallam
676 3509 747 3568 Deo
770 3523 855 3566 meo

462 3614 500 3653 ιω
