2114 4168
74 568 168 646 poris
190 567 326 642 tribuat,
354 565 584 642 temptationes
609 564 726 624 diaboli
750 581 836 623 com-

74 673 201 742 pescat,
221 663 328 724 camis
344 662 507 723 desideria
522 662 697 738 extinguat,
712 662 835 722 saeculi

75 762 239 823 vanitates
262 762 397 838 auferat,
419 779 437 820 a
458 760 613 821 societate
628 761 713 820 mala
730 770 836 821 custo·

75 861 154 936 diat,
176 861 272 921 bonis
288 869 320 920 et
335 858 458 919 sanctis
473 875 526 918 me
541 858 662 936 iungat,
676 876 735 936 per
750 859 836 919 viam

74 959 304 1020 mandatorum
320 974 454 1018 suorum
474 974 527 1016 me
549 957 673 1034 dirigat,
695 958 859 1034 spatiums

74 1073 176 1116 verae
191 1056 411 1134 paenitentiae
426 1063 458 1114 et
474 1055 735 1116 emendationem
751 1055 836 1116 vitae

74 1154 253 1230 concedat,
281 1152 515 1230 indulgentiam
546 1162 578 1212 et
606 1152 835 1213 remissionem

74 1253 225 1313 omnium
241 1262 449 1329 peccatorum
464 1250 545 1310 mihi
558 1250 687 1326 tribuat,
701 1249 835 1327 gratiam

74 1360 108 1411 et
121 1350 380 1411 consolationem
392 1348 533 1425 Spiritus
544 1348 646 1407 sancti
659 1348 747 1408 cordi
762 1365 835 1408 meo

75 1449 269 1525 frequenter
291 1447 457 1522 infundat,
481 1447 519 1506 ab
542 1446 630 1505 omni
655 1447 741 1506 malo
764 1445 872 1505 abs-ro

73 1543 835 1624 tinere‚omnibusvirtutibusadhaerereiaciat,

76 1645 178 1707 linem
208 1646 329 1705 bonum
359 1654 391 1705 et
421 1644 551 1705 felicem
579 1641 694 1702 mortis
721 1642 834 1701 horam

75 1744 229 1804 invenire
251 1743 411 1820 propitius
433 1742 574 1816 adiuvet,
595 1741 711 1802 laetam
732 1749 763 1800 et
785 1757 834 1799 se·

77 1858 190 1900 curam
213 1840 298 1900 viam
322 1840 471 1901 evolandi
495 1840 534 1900 ad
556 1839 730 1899 caelestem
746 1839 835 1898 habi-

78 1939 235 1999 tationem
257 1947 358 2016 paret,
381 1956 400 1998 a
421 1938 543 1998 sanctis
565 1936 689 2012 angelis
711 1936 834 2013 suscipi
847 1945 871 1986 15

76 2053 131 2095 me
163 2035 272 2095 iubeat
303 2053 339 2095 ac
371 2037 404 2096 in
438 2045 590 2096 aeternae
625 2033 835 2094 beatitudinis

74 2134 185 2193 aulam
201 2133 395 2209 introducat,
414 2134 468 2193 ubi
485 2133 632 2193 omnium
647 2141 834 2192 sanctorum

74 2230 206 2308 gaudiis
221 2231 365 2292 sociatus
378 2247 506 2290 merear
520 2230 697 2290 iucundum
709 2230 834 2290 vultum

74 2329 201 2406 gloriae
223 2329 327 2406 ipsius
343 2328 415 2388 sine
431 2327 495 2388 line
511 2329 682 2404 speculari.
718 2327 834 2388 Amen.
