2144 4194
204 469 245 520 ω
262 466 434 519 [SERMONES
447 466 486 509 DE
495 466 563 509 VITA
573 467 609 509 ET
619 466 768 510 PASSIONE
780 465 907 519 DOMINI]
923 466 968 518 ἵει)

207 601 256 660 fac
278 610 353 660 voto
376 617 465 661 meo:
491 609 522 660 et
544 601 643 678 imple
665 617 718 661 me
742 600 863 661 laetitia
885 618 964 660 cum

206 698 298 759 vultu
326 707 392 759 tuo.
435 698 468 758 Si
498 698 577 758 mihi
605 699 666 758 hoc
691 698 849 775 denegas:
878 698 966 758 scito

206 797 293 875 quod
314 815 380 856 non
402 797 566 857 modicum
589 814 641 857 me
657 797 840 857 contristas.
872 795 912 855 Et
935 796 965 855 si

205 905 240 956 tu
263 912 315 955 me
338 895 528 972 contristas3
556 895 630 972 quis
652 904 702 954 est
730 893 785 970 qui
810 910 862 952 me
885 910 966 952 con-

182 993 357 1052 ssoietur?
391 992 510 1052 Nonne
533 1001 567 1052 ut
588 1009 607 1051 a
627 1001 659 1052 te
681 991 870 1051 consolarer
884 990 964 1050 veni

207 1100 242 1150 ut
256 1099 288 1149 te
303 1089 466 1165 viderem3
489 1098 520 1149 et
542 1107 581 1149 ex
597 1098 651 1149 tua
672 1089 800 1149 visione
822 1089 964 1149 multum

205 1187 409 1264 gauderem?

247 1283 331 1344 Veni
347 1283 391 1344 ait
406 1283 608 1344 desiderator
622 1285 723 1344 bone:
738 1283 813 1344 veni
830 1295 861 1345 er
875 1285 966 1346 vide.

208 1383 274 1459 Ego
303 1399 374 1442 sum
399 1382 492 1441 lesus
521 1398 617 1458 quem
643 1381 783 1458 quaeris.
826 1381 860 1442 Si
883 1400 965 1460 ergo

173 1498 259 1542 rome
281 1478 429 1557 quaeris:
451 1478 523 1538 sine
546 1478 654 1538 omnia
676 1478 738 1538 alia
759 1479 858 1540 abire.
895 1479 965 1556 Αρ-

205 1578 290 1655 plica
312 1594 368 1637 cor
390 1588 497 1638 tuum:
520 1587 552 1638 et
566 1577 641 1637 vide
657 1577 835 1637 Dominum
857 1587 964 1640 tuum.

205 1676 333 1737 Videin
345 1675 756 1752 spiritu‚quemadmodum
768 1674 845 1735 olim
857 1678 964 1737 sancti

205 1776 438 1851 prophetae
465 1774 679 1834 viderunt:
709 1773 777 1850 qui
808 1773 893 1833 iide
919 1774 965 1834 il·

207 1871 417 1946 luminati,
448 1872 488 1931 de
519 1871 645 1949 virgine
677 1889 729 1931 me
758 1871 963 1931 nasciturum

173 1971 445 2048 rspraedixerunt.
480 1970 563 2030 Nam
579 1969 686 2030 cordis
703 1972 818 2030 oculus
840 1969 893 2028 hic
912 1987 965 2029 re-

207 2068 355 2146 quiritur,
378 2079 409 2129 et
431 2068 504 2128 talis
519 2069 634 2128 oculus
650 2084 703 2127 me
718 2067 880 2143 intuetur3
901 2068 964 2127 sed

207 2165 353 2241 corporis
375 2167 490 2226 oculus
510 2175 641 2225 nonest
662 2165 716 2224 hic
738 2165 965 2226 necessarius:

206 2263 260 2340 qui
290 2264 483 2339 plerumque
509 2261 648 2322 nocivus
676 2260 852 2321 invenitur.
894 2259 964 2336 Qui

207 2361 294 2421 enim
324 2360 427 2420 credit
455 2360 488 2420 in
518 2376 587 2419 me:
616 2359 704 2418 videt
733 2374 796 2418 me.
839 2357 878 2417 Et
906 2356 963 2434 qui

170 2459 439 2535 aodiligitme:
462 2458 669 2517 haberme.
699 2456 782 2532 Ergo
798 2455 964 2515 credendo

206 2557 333 2617 videbis
349 2572 418 2616 me:
437 2565 468 2616 et
483 2555 620 2615 amando
635 2553 771 2613 habebis
786 2569 849 2612 me.
879 2552 965 2613 Vide

206 2671 294 2714 nunc
325 2654 498 2731 diligenter
533 2662 565 2713 et
600 2652 787 2713 considera:
824 2660 856 2711 et
888 2668 965 2711 con·

207 2751 364 2811 solabitur
392 2751 499 2810 anima
527 2761 591 2811 tua.
633 2749 716 2809 Vide
745 2748 964 2808 humilitatem

207 2866 313 2909 meam
329 2857 683 2925 etpaupertatem:
706 2855 744 2907 et
765 2846 965 2907 invenies

170 2947 524 3010 modificationem
547 2963 729 3023 magnam.
753 2945 837 3005 Vide
853 2945 965 3005 omnia

208 3063 291 3122 quae
313 3045 400 3105 circa
421 3062 473 3105 me
496 3054 588 3104 sunt:
611 3053 643 3104 et
658 3044 747 3104 nulla
762 3043 894 3103 curiosa
916 3060 965 3102 re-

207 3144 325 3219 peries.
368 3143 451 3203 Vide
474 3142 549 3219 quia
578 3159 652 3201 cum
678 3157 786 3201 essem
816 3141 910 3200 dives
933 3150 966 3200 et

207 3243 340 3318 plenus:
362 3251 494 3317 propter
516 3251 547 3300 te
571 3241 675 3300 iactus
691 3256 764 3299 sum
784 3254 909 3314 pauper
932 3248 964 3298 et

208 3355 341 3416 egenus.
376 3337 460 3398 Vide
482 3337 558 3414 quia
581 3345 744 3412 tamquam
769 3335 964 3412 peregrinus

170 3435 355 3512 subaspiror
383 3452 483 3511 super
509 3444 645 3495 terram:
676 3450 738 3493 nec
768 3433 802 3492 in
832 3433 965 3509 propria

207 3534 314 3608 domo,
335 3533 393 3594 sed
409 3534 442 3593 in
458 3531 639 3593 diversorio
654 3549 727 3592 sum
743 3541 849 3592 natus.
879 3530 963 3591 Vide

567 3634 604 3676 ua
