2118 4186
114 470 442 524 ww
478 471 523 523 [3³]
557 471 879 524 Qffiffiffl

116 606 263 683 Spiritus
291 605 393 668 sancti
424 604 606 680 clarificati3
635 614 670 665 ut
697 604 798 664 nullis
826 605 879 664 ad·

116 705 331 766 versitatibus
347 702 461 781 frangi,
483 702 583 762 nullis
597 703 764 779 prosperis
780 704 879 763 emol-

117 802 190 862 liri:
206 802 306 862 nullis
317 800 484 862 erroribus
499 799 623 876 seduci,
638 801 739 861 nullis
750 800 881 862 rationi-

118 901 184 960 bus
205 900 244 961 ab
267 898 451 976 integritate
474 896 547 957 fidei
564 898 712 959 valerent
727 899 880 976 separari.

120 996 230 1056 Hodie
246 996 398 1057 homines
414 996 557 1057 humiles
572 1005 605 1056 et
619 996 787 1073 simplices
806 995 905 1056 lactis

120 1103 200 1154 sunt
230 1093 415 1173 sapientes:
447 1104 480 1154 et
509 1110 671 1170 pauperes
701 1093 882 1170 piscatores

120 1191 312 1253 efficiuntur
337 1191 471 1268 magni
499 1191 715 1266 doctores3
742 1201 773 1251 et
795 1192 881 1267 quod

120 1289 155 1349 in
193 1289 317 1349 scholis
351 1305 417 1349 non
454 1287 638 1347 didicerunt
669 1286 881 1364 disputando:

121 1387 186 1446 hoc
202 1386 242 1445 de
258 1387 349 1447 caelo
360 1395 557 1463 acceperunt
573 1386 712 1445 devote
728 1387 882 1446 orando.

124 1482 233 1542 Hodie
248 1483 310 1543 viri
326 1481 481 1544 illitterati
498 1492 530 1542 et
544 1481 696 1558 timorati,
717 1483 790 1543 lacti
807 1493 883 1544 sunt
894 1503 919 1544 ro

121 1579 317 1655 eloquentes
328 1590 360 1640 et
371 1579 511 1654 robusti3
522 1578 617 1655 etqui
630 1597 727 1640 unam
739 1580 881 1658 linguam

122 1687 248 1738 tantum
270 1687 445 1738 noverant:
468 1678 606 1738 docente
622 1675 744 1754 Spiritu
759 1688 883 1754 sancto,

122 1776 271 1837 omnium
294 1777 477 1854 linguarum
500 1775 637 1836 vocibus
654 1776 882 1853 theologizarit.

123 1873 233 1934 Hodie
255 1875 407 1936 homines
434 1874 555 1935 terreni
583 1873 657 1934 lacti
681 1884 757 1934 sunt
779 1875 882 1934 caele·

121 1980 209 2031 stes:
238 1972 346 2049 etqui
370 1983 462 2034 erant
489 1973 581 2050 prius
610 1973 772 2048 despecti,
801 1971 882 2033 liunt
893 1993 917 2033 rs

122 2069 239 2130 omni
267 2069 389 2131 nationi
412 2072 473 2131 sub
496 2072 586 2131 caelo
613 2068 823 2144 mirandi3
850 2079 882 2129 et

122 2166 180 2244 qui
192 2180 316 2243 ¹parum
339 2169 392 2228 vel
413 2168 494 2228 nihil
510 2168 596 2228 scire
611 2167 820 2244 putabantur:
843 2184 882 2227 ex

123 2264 198 2340 lege
225 2274 257 2324 et
280 2265 450 2342 prophetis
476 2264 664 2326 testimonia
684 2264 725 2324 de
748 2264 883 2326 Christo

122 2360 296 2437 proferunt
325 2373 358 2423 et
385 2373 561 2440 exponunt.
605 2362 712 2422 Hodie
738 2362 884 2440 angelica

122 2459 191 2520 vita
213 2471 283 2521 orta
304 2471 354 2522 est
376 2461 409 2521 in
432 2471 532 2536 terra,
559 2471 591 2522 et
612 2475 733 2520 novum
757 2459 920 2521 caelumao

122 2558 273 2634 apparuit
303 2560 336 2620 in
368 2549 614 2635 mundoz'quia
644 2557 685 2616 de
716 2573 813 2616 carne
844 2557 883 2617 ad

123 2655 294 2732 spiritum,
330 2659 370 2718 de
406 2667 518 2733 tepore
553 2656 593 2716 ad
625 2656 808 2730 fervorem,
844 2656 883 2715 de

121 2762 211 2812 terra
240 2753 279 2813 ad
309 2755 434 2814 caelum
465 2754 649 2814 didicerunt
679 2752 793 2813 fideles
822 2753 883 2813 eri-

121 2867 203 2928 gere
225 2861 380 2912 mentem.

167 2947 309 3025 Oquam
333 2950 555 3009 ferventes
578 2949 720 3026 luerunt,
742 2951 795 3028 qui
819 2962 920 3012 tamzs

123 3045 271 3123 paucis
301 3048 492 3108 contenti
520 3059 628 3124 erant3
656 3066 752 3125 quam
775 3049 883 3110 devoti

123 3153 158 3204 et
180 3144 393 3206 oboedientes
408 3145 600 3207 extiterunt:
623 3147 678 3223 qui
697 3147 884 3224 apostolicis

124 3241 275 3302 consiliis
305 3253 421 3319 sponte
452 3260 488 3304 se
519 3243 743 3306 subdiderunt.
794 3246 884 3305 Haec

124 3349 203 3400 sunt
238 3357 337 3416 opera
368 3340 508 3417 Spiritus
544 3343 664 3418 sancti,
699 3343 754 3420 qui
787 3344 884 3403 corda

125 3437 271 3497 fidelium
294 3439 335 3498 de
357 3437 498 3500 diversis
520 3439 708 3501 nationibus
729 3439 762 3500 in
786 3458 920 3502 unameo

125 3535 223 3595 fidem
253 3536 478 3614 congregavit3
507 3554 565 3614 spe
594 3547 801 3598 aeternorum
828 3540 883 3598 bo-

484 3641 525 3683 295
