2144 4194
228 452 268 504 Εἷς
286 450 459 504 [SERMONES
470 450 510 494 DE
520 451 586 494 vita
598 450 634 494 ET
644 449 793 494 PASSIONE
805 449 929 502 DOMINI]
947 449 990 502 ω

230 585 365 647 Christo
393 585 514 661 placuit
542 586 623 645 haec
649 601 707 661 pro
730 585 835 644 salute
856 593 911 644 tua
933 601 990 644 ex·
1054 631 1055 640 .

229 683 360 744 hibere:
388 700 453 743 non
483 683 526 743 sit
548 683 606 743 tibi
628 683 773 759 pigrum,
803 682 843 741 de
864 683 916 743 his
938 683 990 743 in·

230 781 352 841 tentius
368 781 519 858 cogitare.
548 778 648 840 Tacet
663 780 819 843 Christus
834 798 905 842 ore:
928 781 990 842 sed

230 880 374 956 loquitur
395 896 504 955 opere.
533 877 631 938 Tacet
652 878 775 955 lingua:
797 879 856 938 sed
879 878 991 938 fantur

207 988 343 1038 stenem
370 977 518 1037 membra
539 993 607 1037 sua.
651 976 809 1052 Loquitur
830 976 903 1037 eius
928 977 991 1036 hu·
1055 1043 1056 1066 χ

231 1076 369 1136 militas:
385 1074 529 1151 loquitur
544 1083 575 1134 et
586 1090 701 1150 magna
712 1073 785 1134 eius
799 1073 990 1150 indigentia.

230 1172 328 1234 Tacet
350 1173 447 1233 etiam
469 1173 562 1233 beata
584 1172 674 1249 virgo
698 1171 819 1232 Maria:
841 1173 900 1232 sed
922 1189 989 1233 non

230 1281 338 1333 tacent
366 1271 537 1330 elementa.
587 1269 809 1331 Absconditur
835 1270 869 1330 in
898 1286 991 1346 prae-

231 1370 339 1445 sepio:
361 1370 420 1430 sed
442 1369 670 1428 manifestatur
691 1369 730 1428 ab
745 1369 871 1445 angelo.
904 1368 991 1428 Vilis

198 1485 222 1526 ro
232 1476 263 1528 et
291 1469 437 1529 abiectus
465 1475 598 1542 apparet
621 1466 656 1525 in
678 1466 809 1542 pannis:
837 1466 896 1527 sed
918 1482 991 1543 pre·
1056 1471 1057 1474 ’

231 1566 335 1626 tiosus
357 1566 540 1626 declaratur
556 1565 590 1624 in
606 1564 717 1641 signis.
747 1562 909 1625 Turbatur
923 1565 991 1624 He-

232 1664 344 1725 rodes:
367 1665 425 1724 sed
447 1663 618 1739 requirunt
638 1679 712 1722 eum
736 1672 894 1737 pastores.
925 1662 990 1721 De·

232 1762 405 1839 dignantur
433 1761 559 1821 scribae
584 1769 615 1820 et
639 1759 824 1820 Pharisaei:
856 1760 915 1821 sed
937 1760 993 1821 ad-

233 1856 1058 1933 mmmfflmwm1

200 1959 341 2035 rsitaque
370 1957 403 2016 in
432 1974 471 2017 eo
500 1973 566 2016 non
596 1956 701 2016 solum
724 1972 841 2032 magna
862 1965 894 2015 et
916 1956 992 2015 sub·

234 2056 339 2130 limia‚
360 2054 418 2116 sed
441 2054 536 2115 etiam
561 2071 660 2130 parva
682 2061 713 2113 et
735 2052 887 2129 humilia;
916 2053 994 2129 quia

234 2155 267 2214 in
290 2163 426 2230 utraque
447 2163 562 2213 natura
580 2160 713 2229 apparet
727 2168 864 2229 magnus
880 2150 993 2210 Domi·

234 2269 297 2311 nus
319 2262 351 2311 et
376 2250 548 2310 laudabilis
569 2249 687 2310 nimis:
719 2250 870 2310 excelsus
892 2265 994 2326 super
1058 2277 1059 2316 1

235 2366 350 2408 omnes
379 2347 522 2423 angelos,
549 2357 580 2406 et
602 2345 807 2405 humillimus
828 2346 914 2406 inter
935 2347 993 2406 ho-

198 2445 350 2505 mmines.
394 2445 580 2507 Coniuncta
602 2455 678 2505 sunt
697 2446 840 2505 humana
861 2443 992 2519 divinis

235 2561 363 2605 summa
383 2543 478 2620 imis3
499 2543 642 2619 pretiosa
661 2543 793 2618 vilibuS,
821 2541 994 2618 magnilica

234 2642 360 2718 parvis:
382 2641 479 2718 digno
494 2643 621 2701 honore
637 2641 764 2702 cunctis
780 2641 877 2701 simul
893 2655 991 2699 vene·

235 2740 334 2799 randa
349 2739 511 2799 fidelibus
540 2740 614 2799 Non
630 2756 707 2816 ergo
723 2750 755 2801 te
771 2737 993 2799 scandalizent

235 2837 352 2912 panni:
386 2838 441 2914 qui
470 2837 686 2898 humilitatem
716 2837 903 2913 praedicant
935 2835 992 2896 lilii

199 2954 225 2994 25
237 2935 308 2995 Dei.
338 2934 408 2994 Nec
423 2944 455 2994 te
471 2935 642 2995 conturbet
656 2935 890 3011 pauperculum
901 2949 994 3009 prae-

236 3031 380 3107 sepium:
409 3032 496 3107 quod
527 3031 588 3091 sibi
614 3032 712 3109 elegit
735 3033 804 3092 Rex
825 3049 938 3109 regum
961 3041 993 3092 et

237 3129 398 3189 Dominus
433 3129 634 3205 angelorum.
690 3128 773 3189 Vide
809 3146 874 3189 non
914 3128 993 3205 quid

236 3227 340 3287 oculis
363 3226 470 3286 carnis
492 3226 534 3286 sit
549 3226 704 3286 nitidum:
727 3226 785 3287 sed
807 3243 903 3303 quam
927 3243 992 3285 ma·

235 3341 334 3402 gnum
357 3325 471 3386 salutis
494 3325 547 3385 hic
569 3325 673 3402 agitur
695 3324 899 3402 mysterium.
936 3324 993 3384 ln·

199 3423 354 3500 suspice
378 3425 505 3484 lesum
528 3433 564 3484 et
588 3423 763 3497 Mariam,
788 3422 991 3482 Dominum

236 3522 376 3581 mundi
399 3533 437 3582 et
460 3522 680 3581 dominam:
702 3521 858 3597 quianon
874 3520 993 3580 habent

602 3625 629 3666 aa
