2144 4194
229 418 270 469 (JK)
288 415 460 468 [SERMONES
473 416 511 458 DE
522 415 589 457 vtrn
600 415 634 458 ET
646 415 794 468 Passlostfi
807 415 925 467 DOMINI]
939 413 984 464 K&

232 551 387 610 format.
424 549 556 625 Optime
580 548 683 610 sensit
705 558 737 609 et
759 549 888 624 scripsit
909 565 984 608 ma-

230 666 334 725 gnus
351 649 505 708 Paulus
520 666 538 706 a
557 649 628 708 Deo
644 647 848 708 illuminatus
862 645 984 706 dicens.
1057 643 1058 656 ³

233 747 315 806 Mihi
344 746 499 808 Christus
528 746 641 808 vivere
671 755 738 807 est:
768 757 800 806 et
829 744 908 806 mori
935 744 985 802 lu-

232 860 332 904 crum.
363 844 464 920 Igitur
485 844 524 904 ad
541 844 719 904 Dominum
742 861 852 905 meum
876 843 983 902 Iesum

208 940 402 1002 5Christum
415 941 500 1002 oculi
512 942 577 1002 mei
589 958 734 1018 semper:
750 940 903 1017 quoniam
914 939 985 1015 ipse

231 1047 280 1099 est
291 1040 403 1116 regula
417 1056 490 1099 mea
504 1049 537 1099 et
546 1039 706 1116 sapientia
715 1055 798 1099 mea.
821 1039 904 1099 Nam
914 1036 985 1114 p'er-
1058 1115 1059 1118 Ἴ

232 1134 329 1197 iectio
345 1136 490 1197 omnium
501 1136 658 1197 virtutum
675 1137 800 1196 relucet
813 1136 847 1197 in
858 1153 897 1196 eo
907 1145 986 1196 tam·

231 1249 327 1309 quam
350 1234 383 1294 in
406 1236 540 1310 speculo
561 1235 703 1310 mundo;
725 1251 786 1295 nec
810 1243 903 1311 potes
917 1232 985 1294 tali·

230 1331 307 1408 quid
330 1331 449 1393 melius
471 1342 504 1392 et
533 1333 712 1409 perfectius
736 1332 769 1392 in
792 1332 882 1392 omni
905 1331 986 1391 libro

196 1447 221 1489 m
230 1438 263 1489 et
278 1429 415 1490 scientia
429 1429 569 1489 inveniri
581 1439 613 1490 et
624 1429 700 1490 sciri
712 1438 743 1490 et
758 1428 985 1506 contemplari:

230 1543 326 1603 quam
349 1530 382 1587 iu
404 1529 466 1587 hoc
488 1527 572 1588 libro
595 1527 691 1603 vitae,
713 1537 745 1588 et
767 1526 892 1588 lumine
908 1542 985 1587 vero
1059 1601 1060 1610 ἵ

230 1642 360 1685 omnem
382 1625 549 1686 hominem
573 1625 792 1700 illuminante,
821 1635 854 1685 et
876 1640 985 1702 prae·
1059 1639 1060 1684 t

229 1723 351 1799 cipue
380 1741 603 1800 pauperem
633 1722 788 1800 spiritu
815 1723 857 1782 in
886 1739 985 1782 amo·

230 1837 312 1881 rem
335 1821 398 1881 sui
422 1821 725 1881 transierente.

196 1940 220 1980 15
271 1918 376 1995 Super
403 1919 512 1979 omnia
542 1928 650 1979 autem
680 1918 822 1995 pretiosa
844 1926 986 1993 ungenta

230 2017 341 2092 flagrat
366 2016 475 2092 passio
498 2015 629 2077 Domini
655 2016 718 2076 mei
743 2017 817 2076 Iesu
841 2014 984 2077 Christi:

229 2114 401 2174 continens
429 2113 462 2172 in
485 2113 575 2173 brevi
598 2130 726 2173 summa
747 2113 894 2174 omnium
916 2129 985 2189 gra·
1060 2105 1061 2148 ἶ

229 2211 345 2271 tiarum
368 2212 568 2286 apothecam.
603 2211 679 2270 Ideo
695 2227 823 2270 summe
844 2209 984 2270 delectat

229 2309 341 2369 videre
358 2309 466 2369 lesum
488 2309 684 2384 pendentem
708 2308 740 2369 in
757 2324 865 2382 cruce,
886 2318 983 2384 atque

192 2416 436 2468 aosacrosancta
451 2405 597 2483 corporis
616 2407 667 2466 sui
683 2407 819 2467 vulnera
833 2404 914 2466 mihi
932 2406 984 2465 de·

230 2514 481 2580 monstrantem3
507 2503 620 2564 dolore
641 2504 773 2581 quidem
796 2502 904 2578 livida,
927 2502 984 2563 sed

230 2619 340 2663 amore
363 2602 493 2680 fulgida,
515 2619 592 2679 prae
614 2602 766 2662 omnibus
787 2601 890 2678 gestis
912 2601 984 2661 eius

231 2700 470 2775 compunctiva:
493 2711 528 2760 ut
544 2709 673 2777 praeter
692 2700 799 2759 Iesum
812 2698 984 2760 Christum

230 2807 261 2856 et
277 2800 363 2857 hunc
379 2797 580 2873 crucifixum,
603 2797 647 2859 nil
663 2797 760 2857 libeat
775 2796 876 2857 menti
893 2813 986 2856 meae

193 2913 221 2954 2⁵
231 2894 381 2971 cogitare,
402 2911 463 2953 nec
479 2895 598 2971 legere,
613 2912 674 2955 nec
694 2894 793 2972 loqui,
808 2911 917 2971 neque
932 2911 986 2954 au-

231 2991 309 3051 dire.
340 2991 430 3052 Haec
454 2991 548 3052 faciat
570 2992 649 3052 mihi
666 2993 757 3052 Deus
780 3002 812 3053 et
833 2994 915 3052 haec
933 2993 986 3053 ad·

231 3090 293 3165 dat,
315 3090 369 3166 qui
393 3090 650 3152 misericordiam
673 3089 900 3167 peccatoribus
920 3108 986 3152 non

231 3197 336 3263 negat,
351 3197 383 3248 et
397 3188 589 3248 devotorum
601 3187 773 3249 affectibus
788 3188 840 3266 pie
852 3189 946 3251 adest
956 3199 987 3250 et

231 3285 333 3361 favet3
350 3295 383 3345 ut
398 3302 574 3362 numquam
590 3303 609 3345 a
623 3287 780 3347 memoria
795 3304 869 3347 mea
879 3305 986 3349 sacra·

193 3404 221 3444 :o
231 3381 357 3441 tissima
386 3383 494 3459 passio
517 3382 649 3443 Domini
673 3384 736 3443 mei
761 3385 836 3444 Iesu
859 3385 986 3448 Christi

231 3480 376 3539 recedat:
406 3479 464 3538 sed
491 3479 583 3539 dolor
604 3489 637 3539 et
665 3497 769 3540 amor
796 3483 988 3544 amantis·

590 3583 629 3624 rae
