2118 4186
228 427 309 479 m
346 425 520 469 ouationes
538 427 576 468 DE
592 425 739 468 PASSIONE
756 423 873 468 bomlrtt
905 426 988 478 Q

229 560 342 636 epulas
365 560 564 621 recordarer.
594 559 781 620 Derelictus
796 576 834 620 es
854 559 989 619 aPatre

228 655 261 716 in
290 656 519 734 crucifixione,
549 675 591 718 ne
622 675 682 734 ego
710 658 919 733 desperarem
954 657 987 716 in

228 754 439 831 temptatione
454 756 506 816 vel
521 755 643 832 gratiae
659 755 889 816 subtractione.
920 755 988 814 De-

228 854 362 914 relictus
391 871 427 914 es
459 853 556 914 etiam
586 873 604 914 a
632 854 719 915 notis
750 865 782 914 et
813 852 988 928 discipulis

205 951 303 1027 stols,
318 961 353 1012 ut
368 968 445 1028 spes
460 969 533 1012 mea
547 969 613 1012 non
629 951 783 1028 figeretur
797 951 830 1010 in
844 950 989 1029 homini-

227 1050 298 1109 bus.
314 1050 519 1126 Compassus
530 1059 683 1110 estamen
693 1048 877 1109 cordialiter
887 1048 987 1108 matri

227 1156 260 1208 et
282 1147 517 1223 discipulorum
540 1145 737 1222 infirmitati,
765 1157 800 1207 ut
821 1146 988 1222 proximo·

228 1262 299 1305 rum
316 1261 447 1320 semper
463 1245 672 1305 condolerem
689 1244 886 1305 necessitati.
919 1244 987 1303 Pro

227 1341 493 1418 crucifigentibus
515 1342 645 1419 rogasti,
667 1352 701 1403 ut
714 1360 776 1420 ego
792 1343 825 1403 in
840 1360 891 1402 me
907 1359 986 1418 pec-

193 1439 375 1500 meantibus
390 1439 531 1516 benigne
546 1441 749 1517 indulgerem
765 1452 798 1501 et
811 1440 867 1501 tibi
883 1457 986 1500 omne

227 1536 383 1597 iudicium
407 1537 655 1598 committerem.
686 1539 764 1599 Post
784 1540 864 1598 haec
884 1547 987 1598 testa-

227 1645 372 1695 mentum
383 1634 726 1696 lidelestatuistiznam
736 1635 875 1696 animam
884 1635 988 1712 Patri,

226 1742 362 1793 matrem
394 1733 554 1809 discipulo
588 1734 851 1810 discipulumque
886 1733 985 1793 matri

226 1830 478 1892 commendasti:
507 1841 542 1891 ut
564 1840 596 1892 et
618 1849 677 1908 ego
701 1831 843 1892 instante
866 1831 987 1892 mortis

192 1947 217 1989 ts
225 1928 362 1989 articulo
376 1928 516 1988 animam
529 1945 634 1988 meam
648 1928 705 1988 tibi
716 1929 986 1989 commendarem

225 2037 257 2088 et
279 2026 505 2087 sanctissimae
527 2027 640 2086 matris
666 2036 741 2087 tuae
762 2025 986 2103 praesentiam
1050 2035 1051 2042 ’

225 2123 412 2199 specialiter
426 2123 624 2184 invocarem.
652 2123 759 2185 Cuius
774 2124 986 2184 clementiam

225 2221 393 2283 humiliter
414 2221 542 2296 invoco,
566 2230 601 2281 ut
623 2238 697 2282 cum
720 2223 814 2283 beato
837 2222 987 2282 Iohanne

225 2321 372 2396 apostolo
393 2328 450 2380 tuo
465 2329 497 2380 et
513 2319 632 2380 ceteris
649 2319 771 2380 sanctis
788 2319 828 2379 N.
845 2319 885 2379 N.
901 2320 986 2380 mihi

189 2418 381 2479 massistere
416 2417 568 2494 dignetur
597 2417 769 2493 morienti,
805 2418 891 2478 sicut
925 2419 985 2479 tibi

224 2515 325 2575 astitit
347 2514 380 2574 in
403 2516 685 2592 crucependenti.
715 2516 890 2578 Enimvero
906 2527 986 2577 tuus
1048 2535 1049 2539 ¹

226 2613 286 2674 luit
308 2612 380 2674 eius
395 2614 497 2689 dolor,
519 2623 552 2674 et
566 2625 643 2675 tuus
658 2614 751 2676 dolor
767 2613 986 2674 nibilominus

225 2710 297 2771 eius
319 2721 397 2786 erat,
420 2711 514 2772 cuius
530 2728 587 2772 cor
601 2711 840 2788 compassionis
854 2711 985 2787 gladius

225 2810 416 2884 penetravit.
453 2809 606 2887 Cumque
625 2809 768 2870 vidisses
790 2819 929 2869 matrem
952 2819 985 2870 et

188 2905 421 2982 asdiscipulum
444 2916 594 2983 stantem,
616 2924 714 2984 quem
737 2906 904 2983 diligebas,
927 2924 985 2968 ne·

224 3021 386 3080 quaquam
418 3004 618 3066 descendisti
650 3005 691 3066 de
721 3021 819 3065 cruce
850 3015 985 3081 propter

224 3120 292 3179 eos,
314 3102 440 3164 scilicet
461 3102 717 3163 inoboedientia
734 3102 839 3162 Patris
858 3102 906 3162 tui
931 3120 983 3164 us-

224 3200 342 3276 quein
366 3199 464 3260 linem
487 3200 694 3276 permansisti
718 3200 879 3276 praebens
900 3200 982 3260 mihi
1045 3233 1046 3248 .

224 3297 409 3373 exemplum
432 3297 664 3373 perseverandi
687 3297 720 3357 in
735 3297 789 3358 via
810 3306 842 3357 et
860 3297 893 3357 in
910 3299 981 3374 lege

187 3403 295 3469 sotua,
329 3412 424 3471 quam
456 3412 543 3460 nunc
575 3394 698 3455 relictis
728 3394 921 3470 parentibus
952 3407 982 3457 et

224 3491 338 3550 amicis
361 3492 453 3568 coepi
476 3494 651 3553 ambulare.
681 3491 864 3553 Ambulabo
888 3494 922 3554 in
945 3512 981 3554 ea
