2128 4190
228 465 269 516 dh*
287 462 460 515 [SERMONES
472 463 511 504 DE
521 461 588 506 VITA
599 462 634 504 ET
646 461 794 506 PASSIONE
806 463 931 516 nontnl]
947 463 986 515 ᾹΘ

271 598 393 658 Passus
414 606 466 657 est
487 597 583 658 etiam
607 596 763 658 Christus
793 608 825 657 et
844 596 986 673 graviter
1051 646 1052 655 ,

229 696 419 756 vulneratus
442 695 476 754 in
501 694 604 755 sacris
628 693 779 755 manibus
803 694 892 770 suis,
916 695 984 771 qui·

228 791 289 852 bus
311 810 410 869 saepe
431 793 692 854 benedictionem
714 791 813 868 dedit,
837 791 983 852 infirmos

227 891 331 967 tetigit
366 901 398 951 et
433 891 576 967 sanavit;
612 907 686 950 cum
717 891 836 966 quibus
866 907 982 966 panem

205 989 353 1065 saccepit
383 999 415 1049 et
443 988 599 1049 comedit:
631 1005 749 1064 corpus
781 1005 877 1048 suum
909 1004 983 1048 con-

227 1087 384 1162 secravit,
413 1096 446 1146 et
474 1085 644 1162 discipulis
672 1085 743 1146 suis
770 1085 804 1146 in
826 1085 983 1145 solacium

227 1185 379 1260 porrexit.
423 1185 488 1245 Sed
516 1201 535 1244 ο
563 1183 617 1260 pie
639 1185 747 1259 Deus,
777 1200 835 1243 cur
863 1183 984 1259 pateris

227 1300 343 1342 manus
371 1293 443 1343 tuas
473 1300 546 1343 cum
569 1291 657 1342 tanto
680 1281 792 1341 dolore
814 1281 984 1357 transfodi,

226 1390 258 1440 et
279 1390 342 1441 tam
362 1381 464 1441 multo
480 1396 596 1440 cruore
611 1379 781 1455 perfundi3
804 1378 858 1455 qui
875 1379 984 1438 caelos

192 1497 216 1537 ro
226 1477 400 1538 extendisti
422 1478 495 1538 sine
517 1478 644 1553 labore,
666 1486 698 1537 et
719 1486 839 1536 terram
861 1475 984 1536 ornasti

226 1577 308 1636 miro
338 1577 483 1636 decore?
526 1577 600 1636 Heu
629 1585 741 1636 sancte
769 1575 860 1633 Deus
891 1574 984 1634 fortis

225 1685 256 1735 et
278 1674 482 1749 immortalis,
504 1690 581 1734 ecce
597 1691 714 1733 manus
729 1683 804 1734 tuae
820 1688 903 1749 quae
920 1671 984 1731 ior-

225 1782 397 1833 maverunt
418 1773 558 1848 primurn
581 1772 748 1833 hominem
770 1771 803 1830 in
823 1771 985 1847 paradiso,
1050 1833 1051 1844 ,

224 1869 296 1930 sine
325 1870 455 1931 defectu
484 1870 556 1930 sine
586 1870 674 1930 omni
704 1869 799 1930 vitio:
830 1868 894 1928 iam
923 1885 983 1944 pro
1050 1939 1051 1942 Ἴ

190 1966 316 2028 rsdolor
351 1985 369 2027 a
399 1967 533 2044 perfidis
568 1967 757 2028 hominibus
792 1977 824 2026 et
859 1965 982 2042 iniquis

223 2064 374 2124 manibus
396 2065 603 2141 perforantur
625 2065 753 2126 ferratis
775 2063 912 2140 spiculis
932 2063 982 2122 lu·
1051 2054 1052 2057 '

223 2162 395 2238 daeorum;
417 2172 449 2222 et
471 2162 503 2222 in
526 2163 630 2222 ocuiis
653 2162 831 2222 amicorum
848 2173 979 2223 tuorum
1051 2150 1052 2155 ¹

223 2261 442 2320 extenduntur
463 2260 495 2319 in
519 2260 605 2337 ligno
626 2260 743 2336 crucis,
764 2262 804 2320 ab
827 2260 980 2320 omnibus

222 2369 300 2418 tunc
317 2357 505 2418 maledicto:
528 2367 560 2418 et
581 2375 639 2433 pro
662 2358 803 2418 maximo
826 2358 980 2418 scandalo

185 2465 379 2531 aoreputato.
422 2455 486 2515 Sed
514 2473 532 2515 o
558 2457 644 2516 bone
673 2455 864 2517 dulcissime
894 2457 980 2532 Iesu,
1050 2489 1051 2522 r

221 2553 305 2612 hanc
327 2552 478 2612 iniuriam
502 2563 533 2613 et
555 2553 742 2614 violentiam
765 2554 896 2614 voluisti
920 2572 979 2631 pro

221 2649 335 2724 primis
357 2650 545 2726 parentibus
567 2650 688 2710 nostris
711 2661 743 2711 et
765 2651 841 2711 filiis
864 2643 978 2712 eorum

221 2746 457 2820 patientissime
484 2749 639 2808 tolerare:
669 2758 703 2808 ut
725 2749 978 2826 chirographum

221 2844 342 2904 decreti
371 2845 611 2920 disrumperes,
637 2855 669 2904 et
691 2856 859 2922 peccatum
882 2845 979 2923 origi·
1050 2847 1051 2922 ]

183 2941 293 3007 25nale
322 2958 362 3002 ex
390 2952 476 3003 tactu
505 2940 583 3017 ligni
613 2941 702 3002 vetiti
734 2953 766 3003 et
797 2961 857 3004 esu
888 2946 977 3021 pomi

219 3039 358 3099 noxialis
387 3049 604 3115 contractum,
633 3051 688 3100 tuo
717 3053 830 3103 sancto
860 3060 978 3103 cruore

220 3137 423 3214 detergeres3
453 3148 487 3198 ut
513 3139 600 3198 unde
622 3156 711 3198 mors
733 3139 899 3200 oriebatur
919 3157 980 3216 per

220 3235 363 3310 culpam:
393 3236 468 3296 inde
490 3238 579 3298 salus
602 3238 721 3299 rediret
747 3256 807 3315 per
828 3257 979 3316 poenam.

220 3332 361 3409 ideoque
377 3333 500 3394 iustitia
514 3335 663 3412 exigente
680 3347 834 3414 utrasque
850 3355 979 3415 manus,

182 3446 276 3505 sopro
308 3431 402 3506 culpa
433 3432 570 3493 delenda
601 3434 634 3493 in
665 3434 752 3511 ligno
782 3436 891 3495 crucis
923 3454 977 3498 ex-

219 3528 369 3588 tendisti:
401 3541 432 3589 et
463 3548 521 3605 pro
553 3532 778 3607 peccatoribus
810 3533 979 3595 universis

577 3636 617 3676 244
