2114 4168
142 548 171 610 Ο
195 549 310 625 Maria,
333 560 368 610 tu
391 567 427 609 es
450 549 504 609 illa
526 549 689 609 odorifera
711 567 856 626 unguen·

97 646 192 722 taria,
213 664 296 726 quae
318 647 351 707 in
374 647 470 707 domo
489 646 633 708 Simonis
655 648 775 724 leprosi
799 665 857 708 un·

96 744 176 805 xisti
193 745 338 805 secunda
352 744 415 805 iam
432 745 504 805 vice
519 745 620 822 pedes
633 745 764 805 Domini
781 745 856 805 Iesu

97 851 132 903 et
155 842 250 902 solita
272 842 446 903 devotione
467 842 602 903 liberior
621 841 737 903 effecta
758 860 858 920 super

98 951 198 1018 caput
220 941 442 1002 recumbentis
457 941 636 1018 pretiosum
655 950 880 1017 unguentums

99 1039 224 1116 largius
240 1038 395 1101 effudisti.
422 1039 513 1099 Tunc
529 1039 661 1115 impleta
676 1047 727 1098 est
741 1038 858 1098 domus

99 1156 143 1199 ex
164 1138 265 1199 odore
287 1137 462 1216 unguenti:
489 1137 547 1197 sed
570 1145 602 1197 et
630 1152 717 1195 nunc
740 1135 858 1196 cotidie

100 1236 258 1314 impletur
287 1254 326 1297 ex
349 1235 479 1296 virtutis
501 1245 575 1296 tuae
599 1233 773 1311 lragrantia
793 1242 859 1294 tota

100 1333 244 1394 ecclesia
274 1334 345 1395 Dei.
392 1333 524 1394 Vtinam
554 1341 586 1393 et
614 1349 674 1409 ego
705 1332 858 1409 indignus

99 1438 256 1508 peccator
269 1441 334 1492 tam
351 1431 454 1492 sancti
471 1442 503 1492 et
517 1430 590 1491 miri
608 1431 717 1491 odoris
733 1431 859 1507 liquore
870 1449 895 1490 10

100 1530 137 1590 in
160 1529 306 1590 interiori
330 1530 471 1590 thalamo
494 1529 602 1590 cordis
630 1529 669 1589 ad
693 1529 858 1590 modicum

101 1627 241 1705 perungi
264 1645 408 1702 merear,
436 1636 598 1705 quatenus
620 1627 727 1688 omnis
755 1627 860 1688 foetor

101 1723 258 1784 vitiorum
273 1725 463 1801 expellatur,
485 1733 517 1784 et
538 1724 693 1785 virtutum
715 1725 859 1786 suavitas

101 1822 137 1883 in
160 1838 214 1881 me
235 1821 362 1881 meritis
384 1820 449 1881 tuis
465 1822 669 1883 accendatur.
699 1823 859 1899 Olllaria,

102 1930 138 1982 tu
162 1938 198 1980 es
220 1920 276 1980 illa
297 1919 507 1997 infatigabilis
522 1920 676 1981 imitatrix
695 1921 859 1997 passionis
871 1940 896 1980 15

103 2018 244 2094 Christi,
272 2035 355 2095 quae
379 2018 555 2079 Dominum
578 2017 774 2079 baiulantem
798 2017 859 2078 sibi

102 2134 237 2177 crucem
253 2117 368 2193 alonge
386 2126 499 2177 secuta
514 2133 550 2176 es
564 2133 621 2193 per
636 2124 759 2192 portam
774 2117 860 2176 leru-

102 2216 207 2284 salem
237 2215 352 2275 dolens
374 2224 406 2274 et
434 2231 586 2274 maerens
607 2215 705 2274 nimis
730 2225 862 2293 propter

102 2313 211 2391 ipsius
222 2311 473 2389 ignominiosam
484 2322 634 2388 mortem,
645 2329 728 2388 quae
739 2313 861 2373 nullius

103 2411 221 2488 culpae
242 2408 355 2470 habuit
377 2409 548 2486 maculam,
569 2426 711 2470 necnon
730 2420 897 2487 propterao

102 2508 296 2569 benedictae
318 2507 431 2566 matris
454 2507 525 2567 eius
548 2506 670 2567 doloris
685 2508 861 2568 vehemen-

102 2608 193 2668 tiam.
246 2604 275 2666 0
308 2621 404 2681 quam
437 2603 577 2664 libenter
609 2605 696 2664 illam
729 2623 860 2666 crucem

104 2712 274 2782 portasses
289 2711 364 2779 post
379 2701 500 2777 lesum,
522 2702 550 2761 si
565 2702 708 2762 admissa
731 2703 862 2764 fuisses.

103 2803 342 2863 Verumtamen
365 2799 428 2859 iam
445 2799 478 2859 in
495 2817 592 2859 cruce
607 2817 769 2876 suspenso
788 2801 862 2861 asti·

103 2899 172 2960 tisti
196 2915 270 2958 cum
293 2908 396 2959 matre
412 2898 483 2958 eius
506 2907 538 2958 et
553 2898 713 2974 discipulo
734 2897 898 2960 dilecto.2s
936 2923 939 2928 ·

104 2997 251 3057 Tandem
283 3012 322 3056 eo
358 2995 486 3073 sepulto
518 3012 603 3054 nova
634 2994 763 3056 tristitia
794 3005 863 3056 orta

104 3104 157 3155 est
178 3094 213 3154 in
235 3093 333 3154 corde
355 3101 420 3153 tuo.
451 3092 479 3154 Ο
503 3101 644 3169 quantus
667 3095 773 3154 luctus
796 3110 862 3153 om-

105 3192 197 3252 nium
229 3191 408 3251 amicorum
442 3190 586 3268 Christi3
621 3201 740 3267 quanta
772 3209 862 3268 prae·

106 3290 203 3367 cipue
218 3289 359 3349 lamenta
374 3296 559 3349 sanctarum
574 3289 759 3349 mulierum.
785 3289 862 3349 Illae

106 3398 216 3448 tamen
237 3387 311 3464 plus
327 3387 479 3448 omnibus
495 3387 666 3464 fleverunt,
687 3405 770 3465 quae
786 3404 899 3464 praeao

108 3485 228 3547 ceteris
268 3484 444 3545 cordialius
485 3496 694 3561 amaverunt,
736 3484 863 3545 scilicet

466 3589 507 3631 aas
