2118 4186
185 475 225 524 &NJ
244 473 417 524 [SERMONES
430 474 468 516 DE
479 473 546 515 vlla
558 473 593 515 ΕΤ
605 473 752 516 ΡΑ851οΝΕ
764 473 888 526 DOMINI]
905 475 948 526 K&

185 624 300 667 norum
325 607 363 666 ad
386 607 540 667 caelestia
563 607 681 667 erexit:
704 617 799 684 atque
823 607 946 667 amoris

186 705 236 765 sui
261 704 386 766 facibus
409 715 543 781 repente
566 705 787 765 inflammavit.
818 704 868 765 Ab
891 706 946 766 his

185 804 307 864 sanctis
335 803 491 879 apostolis
518 803 682 879 primitiva
704 803 844 862 ecclesia
872 803 946 863 fun-

184 903 256 962 data
287 911 337 962 est
368 913 400 961 et
430 919 489 977 per
519 903 631 962 orbem
664 901 809 977 dilatata3
840 901 945 960 sacris

160 1000 341 1060 sdoctrinis
377 999 517 1059 imbuta:
558 1009 590 1059 et
628 998 740 1058 multis
775 997 945 1058 miraculis

183 1098 289 1157 valide
319 1096 517 1157 confirmata.
560 1095 611 1156 Ab
637 1096 689 1156 bis
717 1096 838 1156 sanctis
866 1113 945 1173 apo-

183 1195 276 1255 stolis
309 1205 340 1255 et
369 1195 591 1272 apostolorum
619 1194 834 1255 sectatoribus
862 1195 942 1254 olim

183 1294 284 1354 sancti
297 1293 452 1354 eremitae
468 1293 632 1369 perfectae
648 1293 944 1353 abrenuntiationis

183 1386 320 1447 formam
347 1389 498 1464 primitus
524 1401 739 1468 acceperunt:
768 1401 800 1450 et
828 1392 943 1466 plures

150 1495 256 1560 ropost
287 1504 323 1546 se
352 1487 532 1565 discipulos
562 1489 596 1548 in
627 1490 812 1564 exemplum
843 1489 944 1548 nobis

182 1583 394 1660 reliquerunt.
444 1586 495 1647 Ab
530 1587 582 1646 his
618 1587 714 1647 etiam
751 1586 946 1662 apostolicis

181 1681 261 1741 viris
289 1691 321 1741 et
344 1683 415 1743 Deo
444 1684 572 1744 dilectis
601 1684 747 1744 eremitis
775 1683 945 1760 gloriosus

179 1789 271 1854 pater
296 1790 409 1842 noster
430 1782 635 1858 Augustinus
662 1782 775 1842 doctor
796 1781 945 1842 eximius

180 1877 219 1936 ad
234 1888 455 1955 contemptum
472 1881 584 1941 mundi
600 1880 763 1955 pervenit:
779 1879 834 1956 qui
850 1888 944 1955 post·

146 1977 311 2038 rsmodum
347 1980 519 2055 presbyter
550 1988 581 2038 et
612 1978 787 2055 episcopus
821 1979 943 2054 lactus³

179 2074 412 2133 monasterium
430 2076 623 2136 clericorum
640 2075 796 2151 instituit3
816 2078 943 2152 coepit-

179 2187 242 2247 que
274 2188 347 2231 cum
380 2173 491 2233 multis
524 2175 584 2234 Dei
617 2174 722 2234 servis
753 2175 940 2234 secundum

178 2271 387 2345 apostolicam
418 2271 516 2331 vitam
546 2272 579 2331 in
609 2271 773 2332 communi
802 2271 941 2331 vivere:

178 2367 296 2442 quibus
319 2378 350 2428 et
373 2373 516 2447 regulam
540 2389 647 2447 suam,
674 2388 770 2447 quam
794 2369 941 2445 scripsit,

141 2464 307 2525 retradidit
329 2467 575 2529 observandam.
609 2468 713 2529 Simili
731 2467 827 2526 modo
842 2484 942 2527 sanc-

177 2573 229 2622 tus
261 2572 352 2638 pater
383 2566 584 2626 Benedictus
620 2564 817 2641 apostolicae
848 2563 940 2624 vitae

176 2660 318 2721 imitator
340 2672 511 2739 strenuuS,
540 2665 635 2724 aliam
659 2662 759 2723 edidit
781 2663 941 2723 monasti·

177 2775 233 2818 cae
263 2759 455 2836 disciplinae
487 2762 630 2837 regulam
664 2758 837 2820 virtutibus
869 2760 940 2836 ple-

177 2873 265 2916 nam:
279 2875 445 2935 perquam
457 2858 608 2918 monachi
620 2857 772 2933 religiose
784 2855 939 2918 viventes

139 2973 166 3014 25
177 2952 316 3014 feliciter
327 2957 500 3016 tenderent
511 2956 549 3014 ad
561 2965 713 3015 aeternae
724 2953 939 3014 beatitudinis

175 3051 320 3126 gloriam.
353 3051 417 3112 Sed
440 3053 540 3113 etalii
563 3055 774 3130 quamplures
789 3051 936 3128 religiosi

175 3149 236 3209 viri
258 3149 360 3226 gratia
376 3149 517 3227 Spiritus
537 3151 640 3211 sancti
656 3148 815 3225 inspirati,
836 3165 937 3208 evan-

174 3247 298 3323 gelicae
328 3248 541 3323 perfectionis
570 3248 707 3308 consilia
732 3246 851 3307 imitari
879 3263 936 3305 cu-

175 3345 317 3420 pientes:
333 3346 366 3405 in
380 3346 520 3406 diversis
533 3347 645 3406 mundi
659 3347 805 3423 partibus
820 3363 935 3406 sacrae

137 3442 344 3519 soreligionis
366 3444 499 3504 ordines
514 3444 742 3519 instituerunt;
764 3453 795 3504 et
811 3453 933 3504 tantam

175 3540 308 3613 gratiam
332 3542 436 3601 aDeo
453 3542 619 3602 consecuti
643 3551 729 3617 sunt,
751 3550 785 3601 ut
805 3550 934 3617 aposto-

534 3645 575 3686 zos
