2128 4190
218 447 258 498 &33
276 446 449 500 [SERMONES
461 447 500 490 DE
510 447 577 490 vltlt
588 448 623 490 ET
633 447 781 492 PASSIONE
794 448 922 504 DOMINI]
939 451 982 504 Z&

218 581 372 641 vulnere:
401 597 465 657 quo
494 583 583 642 nulla
611 581 641 642 ei
670 581 734 643 iam
764 601 842 644 cura
863 593 916 645 est
939 585 983 645 de

220 688 327 739 creato
350 678 518 739 solamine.
553 679 619 756 Ego
642 680 728 741 enim
751 683 844 742 traho
867 682 984 742 omnia

220 775 375 836 interiora
396 776 468 836 eius
490 777 528 837 ad
551 794 604 837 me
620 777 744 854 ipsum:
767 787 801 838 ut
819 795 894 839 sese
910 797 983 840 non

221 873 339 933 sentiat
360 873 415 950 qui
431 875 636 935 vulneratum
657 892 714 935 cor
735 893 844 936 meum
867 878 984 938 sentit.
1050 852 1058 955 l

198 972 283 1031 sFac
305 988 382 1047 ergo
399 979 431 1030 te
446 972 589 1032 alienum
604 973 643 1032 ab
659 972 746 1033 omni
763 975 985 1050 occupatione

221 1079 366 1130 terrena:
395 1086 515 1128 vacuas
541 1079 702 1145 postpone
728 1069 986 1147 sollicitudines,

222 1167 337 1244 elonga
365 1177 396 1228 te
425 1167 463 1226 ab
493 1167 607 1227 amicis
635 1176 667 1227 et
695 1167 797 1244 notis3
826 1185 924 1229 serva
949 1180 985 1230 te

222 1283 339 1343 purum
362 1275 394 1325 et
414 1265 554 1324 liberum
574 1265 613 1324 ab
629 1265 796 1326 omnibus:
819 1275 854 1326 ut
868 1267 986 1342 possis

222 1365 343 1425 intrare
364 1365 403 1424 ad
426 1362 579 1423 dilectum
609 1380 667 1439 per
692 1363 812 1424 ostium
835 1364 986 1426 lateralis

188 1481 213 1521 10
223 1460 378 1521 vulneris.
418 1459 528 1522 Talem
551 1461 649 1521 indue
672 1461 824 1522 affectum
847 1463 985 1540 qualem

222 1559 406 1619 habuerunt
441 1560 596 1620 mulieres
627 1569 775 1635 sanctae,
810 1577 893 1636 quae
927 1578 986 1621 me
1058 1573 1059 1576 ’

223 1657 418 1732 pendentem
455 1657 488 1716 in
525 1673 621 1716 cruce
653 1668 909 1734 conspexerunt:
947 1669 988 1719 et

223 1754 308 1815 sicut
343 1753 545 1831 unigenitum
583 1753 684 1813 lilium
718 1771 814 1814 suum
846 1755 987 1815 amaris-

224 1852 307 1911 sime
336 1852 581 1928 deplanxerunt.
622 1849 713 1910 Tunc
741 1852 828 1911 enim
856 1852 987 1928 poteris

190 1971 215 2012 ιε
224 1967 302 2010 vere
318 1965 516 2026 cognoscere
538 1957 570 2008 et
592 1965 707 2024 sapere
729 1959 884 2026 quantum
906 1966 986 2025 pas-

224 2050 273 2110 sio
285 2065 357 2109 mea
372 2047 405 2107 in
417 2047 514 2107 corde
525 2047 663 2107 amantis
673 2048 788 2123 valeat,
803 2047 831 2106 si
842 2048 986 2110 dilectae
1057 2100 1060 2111 .

225 2148 337 2209 matris
352 2146 480 2206 viscera
494 2144 658 2220 indueris3
681 2144 707 2204 si
724 2145 769 2204 nil
785 2145 829 2205 ita
844 2145 984 2222 diligen-

226 2246 301 2305 dum
317 2243 402 2302 sicut
417 2259 469 2303 me
485 2260 525 2303 ex
540 2253 606 2304 toto
618 2243 782 2303 cordetuo
793 2243 985 2305 censueris:

226 2341 301 2419 quia
316 2358 356 2401 ex
372 2341 594 2418 magnitudine
609 2341 740 2416 amoris,
761 2341 901 2401 trahitur
917 2359 988 2401 ma-

189 2440 359 2519 zognitudo
381 2439 629 2516 compassionis.

137 2567 188 2598 vox
267 2540 358 2598 Bene
381 2547 412 2626 et
434 2537 555 2614 optime
570 2539 698 2612 placent
718 2536 797 2596 mihi
813 2538 914 2596 verba
929 2545 989 2596 tua

110 2620 214 2653 ΔΝΜ·
227 2636 368 2697 Domine
391 2637 466 2695 Iesu
489 2634 633 2696 Christe.
667 2633 761 2694 Vnde
784 2643 926 2710 rogote,
949 2644 989 2694 ut

227 2734 376 2813 quamvis
405 2734 437 2793 in
467 2732 619 2792 omnibus
646 2748 712 2790 non
742 2732 835 2790 valeo
857 2739 890 2790 te
912 2748 990 2807 per-

228 2833 312 2893 fecte
332 2831 467 2891 imitari:
490 2830 633 2890 concede
655 2839 763 2888 tamen
786 2827 903 2904 exigue
926 2829 988 2890 tibi

191 2949 218 2991 25
228 2928 377 3005 compati.
409 2926 537 2988 Levabo
553 2926 651 3003 igitur
665 2927 779 2986 oculos
793 2925 903 2986 cordis
918 2928 988 2987 mei

228 3028 267 3087 ad
279 3026 455 3087 Dominum
472 3042 581 3085 meum
597 3024 630 3085 in
642 3040 738 3084 cruce
749 3025 836 3084 nu'de
847 3041 990 3101 suspen-

229 3141 301 3185 sum
310 3142 318 3201 ;
340 3134 461 3185 attente
476 3123 621 3199 singulas
637 3123 746 3198 plagas
762 3132 794 3181 et
807 3130 992 3197 puncturas

229 3221 376 3298 corporis
393 3221 439 3281 tui
456 3220 686 3280 considerabo:
708 3230 804 3296 atque
820 3219 918 3280 unica
933 3221 991 3280 de-

229 3321 360 3381 votione
386 3320 572 3380 vulneratas
601 3334 717 3378 manus
746 3326 778 3378 et
802 3317 991 3392 perforatos

192 3418 330 3495 aopedes
363 3435 436 3478 cum
473 3417 544 3478 suis
575 3416 676 3476 clavis
711 3414 921 3490 amplexabor
956 3426 992 3476 et

230 3516 411 3577 osculabor.
444 3513 571 3575 Dehinc
594 3522 625 3573 et
647 3513 681 3573 in
703 3522 850 3588 apertum
866 3515 993 3574 vulnus

587 3617 628 3658 214
