2144 4194
221 441 261 492 ΘΧ)
279 436 451 491 [SERMONES
464 437 502 479 DE
513 436 579 479 Vltn
591 436 625 479 ET
637 435 786 478 PASSIONE
798 436 922 488 DOMINI]
939 437 982 489 ἶς’.)

221 573 329 650 itaque
345 572 518 648 cogitatum
532 579 623 631 tuum
639 571 672 630 in
685 570 842 630 Domino:
858 580 890 629 et
905 570 980 646 ipse

220 681 251 730 te
282 670 424 731 enutriet
452 669 554 745 magis
585 669 685 728 verbo
714 686 811 746 quam
841 668 979 729 ferculo.

222 769 295 829 Non
318 768 351 827 in
367 767 437 828 solo
460 783 543 844 pane
558 767 664 843 inquit
679 767 759 826 vivit
781 767 895 827 homo:
917 767 979 827 sed

220 867 252 926 in
276 865 364 925 omni
380 864 480 925 verbo
503 865 589 942 quod
611 864 758 941 procedit
775 865 815 924 de
831 881 887 924 ore
904 864 978 924 Dei.

197 963 330 1024 sTimor
358 979 454 1039 quern
477 962 580 1022 sentis
602 979 694 1022 amor
714 961 760 1023 tui
783 961 888 1038 ipsius
910 973 978 1023 est:

218 1063 292 1138 plus
313 1078 437 1137 pavens
459 1078 555 1137 quarn
578 1069 713 1136 oportet.
750 1059 856 1136 Saepe
873 1060 978 1137 magis

218 1160 331 1236 affligit
353 1159 450 1220 timor
464 1158 596 1233 nimius
619 1167 651 1217 et
666 1157 852 1218 sollicitudo
868 1157 978 1218 cordis

217 1276 275 1335 pro
291 1257 420 1319 deiectu
436 1256 599 1332 corporis:
618 1273 714 1332 quarn
731 1272 890 1332 praesens
905 1255 978 1331 ipsa

218 1355 360 1432 fatigatio
375 1353 505 1415 laboris.
536 1352 569 1413 Si
585 1353 821 1430 aliquantulum
838 1353 977 1413 laborio-

184 1471 208 1512 ro
217 1471 290 1514 sum
313 1470 378 1513 non
402 1460 508 1526 esset;
530 1451 607 1528 quid
629 1461 706 1511 tunc
729 1451 837 1527 magni
861 1451 977 1510 esset?

217 1552 338 1612 Vivere
369 1549 550 1611 secundum
583 1549 789 1609 commodum
822 1558 976 1610 naturae:

216 1666 282 1708 non
305 1657 354 1708 est
375 1647 441 1707 vita
462 1646 689 1723 paenitentiae.
720 1646 872 1706 Ferventi
895 1663 976 1706 vero

216 1746 343 1823 spiritui
366 1755 398 1806 et
412 1744 550 1804 viriliter
571 1761 667 1820 agere
689 1744 850 1820 cupienti:
874 1744 977 1804 modi·

216 1861 289 1904 cunr
317 1842 445 1902 videtur
473 1850 575 1901 totum
604 1841 690 1917 quod
720 1841 793 1917 agit.
841 1839 976 1918 Appetit

183 1941 303 2002 rsenim
332 1957 397 1999 non
427 1938 533 1999 solurn
563 1938 729 2014 superflua
751 1949 783 1998 et
805 1939 903 1999 noxia
924 1955 976 1998 re·

215 2055 344 2099 secare:
374 2037 431 2097 sed
454 2054 472 2095 a
496 2037 607 2096 multis
633 2037 729 2097 etiarn
752 2037 851 2097 licitis
876 2037 976 2097 absti-

215 2153 304 2196 nere.
347 2134 396 2195 Sit
417 2151 493 2210 ergo
516 2134 644 2193 animus
667 2133 775 2208 fortis,
805 2142 838 2193 et
859 2135 975 2194 volun-

214 2244 263 2293 tas
285 2242 432 2308 prompta
454 2232 492 2292 ad
508 2231 738 2291 ieiunandum:
761 2232 864 2292 habes
884 2232 974 2292 enim

215 2332 315 2391 multa
330 2330 478 2405 exempla
493 2339 600 2390 tecum
612 2329 732 2406 pariter
746 2329 975 2391 ieiunantium.

178 2446 205 2487 2⁰
217 2429 366 2504 Propone
383 2444 469 2486 nunc
482 2444 583 2486 unum
595 2428 691 2501 diem,
708 2436 739 2487 et
750 2445 822 2487 cras
834 2428 974 2488 alterurn

215 2527 364 2588 devotius
386 2526 541 2603 adiunge:
564 2526 677 2602 sicque
700 2525 732 2584 in
756 2524 817 2584 Dei
840 2525 977 2585 nomine

216 2626 361 2702 reliquos
377 2623 629 2683 consummabis
664 2623 783 2683 Nonne
798 2639 857 2698 pro
875 2640 977 2700 regno

217 2723 277 2782 Dei
294 2732 325 2783 et
341 2737 451 2781 amore
467 2720 603 2796 Christi,
619 2730 721 2781 toturn
737 2720 810 2779 leve
826 2737 863 2779 ac
874 2720 977 2780 breve

216 2819 400 2879 ducendum
423 2829 487 2878 tarn
511 2828 659 2879 sanctum
682 2817 870 2877 ieiunium?
900 2818 976 2877 Non

179 2935 207 2976 25
217 2926 267 2976 est
288 2915 471 2977 declinandi
488 2916 596 2991 locus;
619 2927 651 2975 et
666 2914 803 2974 multum
819 2915 896 2974 inde
912 2917 977 2975 sol·

216 3014 331 3075 licitari
356 3014 433 3090 quid
455 3013 635 3090 importat?
679 3011 827 3072 Sufficiat
848 3012 977 3072 unicui-

216 3129 280 3188 que
302 3111 365 3171 diei
388 3110 573 3170 sollicitudo
596 3128 655 3170 sua
682 3119 717 3169 ut
738 3127 804 3170 non
826 3109 977 3186 duplices

215 3210 272 3271 tibi
305 3207 404 3268 mala:
433 3207 536 3284 magis
565 3218 672 3267 autem
697 3216 729 3266 te
758 3223 915 3282 praepara
937 3208 977 3267 ad

217 3306 423 3367 subeundum
456 3305 582 3365 artiora.
633 3304 764 3381 Quanto
795 3305 979 3380 promptior

179 3403 330 3478 soiueris,
351 3411 440 3463 tanto
463 3402 569 3462 levius
584 3401 641 3463 tibi
658 3400 755 3462 facis:
778 3412 810 3461 et
826 3402 897 3462 Deo
915 3403 978 3464 erit

216 3499 318 3576 magis
333 3507 512 3575 acceptum.
542 3499 636 3558 Forte
651 3498 800 3558 ultimum
817 3497 880 3558 erit
895 3499 978 3559 ieiu-

577 3601 615 3644 140
