<?xml version="1.0" encoding="UTF-8"?>
<!DOCTYPE html PUBLIC "-//W3C//DTD XHTML 1.0 Transitional//EN"
    "http://www.w3.org/TR/xhtml1/DTD/xhtml1-transitional.dtd">
<html xmlns="http://www.w3.org/1999/xhtml" xml:lang="en" lang="en">
 <head>
  <title>
</title>
<meta http-equiv="Content-Type" content="text/html;charset=utf-8" />
  <meta name='ocr-system' content='tesseract 3.04.00' />
  <meta name='ocr-capabilities' content='ocr_page ocr_carea ocr_par ocr_line ocrx_word'/>
</head>
<body>
  <div class='ocr_page' id='page_1' title='image "./thomaehemerkena01pohlgoog_0071.png"; bbox 0 0 2122 4196; ppageno 0'>
   <div class='ocr_carea' id='block_1_1' title="bbox 233 456 991 512">
    <p class='ocr_par' dir='ltr' id='par_1_1' title="bbox 233 456 991 512">
     <span class='ocr_line' id='line_1_1' title="bbox 233 456 991 512; baseline -0.003 -12"><span class='ocrx_word' id='word_1_1' title='bbox 233 457 314 509; x_wconf 55' lang='lat' dir='ltr'><strong>m</strong></span> <span class='ocrx_word' id='word_1_2' title='bbox 338 456 453 500; x_wconf 75' lang='lat' dir='ltr'>ORATIO</span> <span class='ocrx_word' id='word_1_3' title='bbox 467 458 508 500; x_wconf 80' lang='lat' dir='ltr'>AD</span> <span class='ocrx_word' id='word_1_4' title='bbox 523 456 722 500; x_wconf 74' lang='lat' dir='ltr'>SALVTANDVM</span> <span class='ocrx_word' id='word_1_5' title='bbox 738 457 884 500; x_wconf 82' lang='lat' dir='ltr'>DOMINVM</span> <span class='ocrx_word' id='word_1_6' title='bbox 910 459 991 512; x_wconf 57' lang='lat' dir='ltr'>[dm</span> 
     </span>
    </p>
   </div>
   <div class='ocr_carea' id='block_1_2' title="bbox 196 591 1057 3501">
    <p class='ocr_par' dir='ltr' id='par_1_2' title="bbox 196 591 1057 3501">
     <span class='ocr_line' id='line_1_2' title="bbox 235 591 990 668; baseline 0.003 -18"><span class='ocrx_word' id='word_1_7' title='bbox 235 609 293 667; x_wconf 93' lang='lat' dir='ltr'>per</span> <span class='ocrx_word' id='word_1_8' title='bbox 314 591 425 652; x_wconf 89' lang='lat' dir='ltr'>orbem</span> <span class='ocrx_word' id='word_1_9' title='bbox 449 593 621 653; x_wconf 86' lang='lat' dir='ltr'>ecclesiam</span> <span class='ocrx_word' id='word_1_10' title='bbox 645 594 881 668; x_wconf 76' lang='lat' dir='ltr'>plantaverunt,</span> <span class='ocrx_word' id='word_1_11' title='bbox 919 591 990 652; x_wconf 84' lang='lat' dir='ltr'>Ave</span> 
     </span>
     <span class='ocr_line' id='line_1_3' title="bbox 234 689 989 767; baseline 0.005 -19"><span class='ocrx_word' id='word_1_12' title='bbox 234 689 375 749; x_wconf 87' lang='lat' dir='ltr'>Domine</span> <span class='ocrx_word' id='word_1_13' title='bbox 405 690 479 750; x_wconf 89' lang='lat' dir='ltr'>lesu</span> <span class='ocrx_word' id='word_1_14' title='bbox 511 690 662 766; x_wconf 86' lang='lat' dir='ltr'>Christe,</span> <span class='ocrx_word' id='word_1_15' title='bbox 692 692 891 753; x_wconf 84' lang='lat' dir='ltr'>fortissimus</span> <span class='ocrx_word' id='word_1_16' title='bbox 918 708 989 767; x_wconf 93' lang='lat' dir='ltr'>pro-</span> 
     </span>
     <span class='ocr_line' id='line_1_4' title="bbox 234 787 989 863; baseline 0.003 -17"><span class='ocrx_word' id='word_1_17' title='bbox 234 796 409 863; x_wconf 84' lang='lat' dir='ltr'>pugnator,</span> <span class='ocrx_word' id='word_1_18' title='bbox 440 799 471 848; x_wconf 94' lang='lat' dir='ltr'>et</span> <span class='ocrx_word' id='word_1_19' title='bbox 503 787 714 849; x_wconf 84' lang='lat' dir='ltr'>fidelissimus</span> <span class='ocrx_word' id='word_1_20' title='bbox 742 790 870 850; x_wconf 90' lang='lat' dir='ltr'>adiutor</span> <span class='ocrx_word' id='word_1_21' title='bbox 898 805 989 849; x_wconf 91' lang='lat' dir='ltr'>sanc-</span> 
     </span>
     <span class='ocr_line' id='line_1_5' title="bbox 234 887 990 964; baseline 0.003 -20"><span class='ocrx_word' id='word_1_22' title='bbox 234 895 357 960; x_wconf 93' lang='lat' dir='ltr'>torum,</span> <span class='ocrx_word' id='word_1_23' title='bbox 386 903 484 962; x_wconf 94' lang='lat' dir='ltr'>quem</span> <span class='ocrx_word' id='word_1_24' title='bbox 512 887 644 962; x_wconf 88' lang='lat' dir='ltr'>gloriosi</span> <span class='ocrx_word' id='word_1_25' title='bbox 678 898 837 964; x_wconf 87' lang='lat' dir='ltr'>martyres</span> <span class='ocrx_word' id='word_1_26' title='bbox 870 887 990 963; x_wconf 89' lang='lat' dir='ltr'>spretis</span> 
     </span>
     <span class='ocr_line' id='line_1_6' title="bbox 211 981 991 1060; baseline 0.003 -18"><span class='ocrx_word' id='word_1_27' title='bbox 211 981 345 1042; x_wconf 83' lang='lat' dir='ltr'>smundi</span> <span class='ocrx_word' id='word_1_28' title='bbox 375 983 474 1042; x_wconf 93' lang='lat' dir='ltr'>huius</span> <span class='ocrx_word' id='word_1_29' title='bbox 500 983 786 1059; x_wconf 85' lang='lat' dir='ltr'>delectationibus,</span> <span class='ocrx_word' id='word_1_30' title='bbox 812 984 933 1060; x_wconf 88' lang='lat' dir='ltr'>spretis</span> <span class='ocrx_word' id='word_1_31' title='bbox 959 993 991 1044; x_wconf 86' lang='lat' dir='ltr'>et</span> 
     </span>
     <span class='ocr_line' id='line_1_7' title="bbox 234 1081 990 1158; baseline 0 -18"><span class='ocrx_word' id='word_1_32' title='bbox 234 1082 380 1157; x_wconf 89' lang='lat' dir='ltr'>corporis</span> <span class='ocrx_word' id='word_1_33' title='bbox 402 1082 452 1141; x_wconf 91' lang='lat' dir='ltr'>sui</span> <span class='ocrx_word' id='word_1_34' title='bbox 475 1082 664 1158; x_wconf 88' lang='lat' dir='ltr'>suppliciis,</span> <span class='ocrx_word' id='word_1_35' title='bbox 692 1083 805 1143; x_wconf 85' lang='lat' dir='ltr'>beatae</span> <span class='ocrx_word' id='word_1_36' title='bbox 826 1081 990 1158; x_wconf 80' lang='lat' dir='ltr'>passionis</span> 
     </span>
     <span class='ocr_line' id='line_1_8' title="bbox 233 1180 990 1256; baseline 0 -18"><span class='ocrx_word' id='word_1_37' title='bbox 233 1196 336 1256; x_wconf 89' lang='lat' dir='ltr'>agone</span> <span class='ocrx_word' id='word_1_38' title='bbox 358 1180 471 1240; x_wconf 88' lang='lat' dir='ltr'>imitati</span> <span class='ocrx_word' id='word_1_39' title='bbox 488 1189 574 1255; x_wconf 91' lang='lat' dir='ltr'>sunt,</span> <span class='ocrx_word' id='word_1_40' title='bbox 596 1189 692 1256; x_wconf 91' lang='lat' dir='ltr'>atque</span> <span class='ocrx_word' id='word_1_41' title='bbox 715 1196 772 1255; x_wconf 94' lang='lat' dir='ltr'>pro</span> <span class='ocrx_word' id='word_1_42' title='bbox 794 1188 990 1239; x_wconf 87' lang='lat' dir='ltr'>testamento</span> 
     </span>
     <span class='ocr_line' id='line_1_9' title="bbox 235 1275 989 1338; baseline 0 -3"><span class='ocrx_word' id='word_1_43' title='bbox 235 1276 308 1336; x_wconf 85' lang='lat' dir='ltr'>iidei</span> <span class='ocrx_word' id='word_1_44' title='bbox 348 1294 384 1336; x_wconf 90' lang='lat' dir='ltr'>se</span> <span class='ocrx_word' id='word_1_45' title='bbox 422 1277 516 1338; x_wconf 91' lang='lat' dir='ltr'>morti</span> <span class='ocrx_word' id='word_1_46' title='bbox 556 1285 744 1336; x_wconf 85' lang='lat' dir='ltr'>constanter</span> <span class='ocrx_word' id='word_1_47' title='bbox 778 1275 989 1336; x_wconf 88' lang='lat' dir='ltr'>tradiderunt.</span> 
     </span>
     <span class='ocr_line' id='line_1_10' title="bbox 234 1373 990 1434; baseline -0.003 0"><span class='ocrx_word' id='word_1_48' title='bbox 234 1373 305 1434; x_wconf 82' lang='lat' dir='ltr'>Ave</span> <span class='ocrx_word' id='word_1_49' title='bbox 328 1375 468 1434; x_wconf 88' lang='lat' dir='ltr'>Domine</span> <span class='ocrx_word' id='word_1_50' title='bbox 498 1375 572 1434; x_wconf 90' lang='lat' dir='ltr'>lesu</span> <span class='ocrx_word' id='word_1_51' title='bbox 596 1373 730 1434; x_wconf 92' lang='lat' dir='ltr'>Christe</span> <span class='ocrx_word' id='word_1_52' title='bbox 760 1390 910 1433; x_wconf 89' lang='lat' dir='ltr'>summus</span> <span class='ocrx_word' id='word_1_53' title='bbox 940 1391 990 1433; x_wconf 87' lang='lat' dir='ltr'>sa-</span> 
     </span>
     <span class='ocr_line' id='line_1_11' title="bbox 200 1471 990 1547; baseline -0.005 -12"><span class='ocrx_word' id='word_1_54' title='bbox 200 1471 350 1535; x_wconf 87' lang='lat' dir='ltr'>tocerdos</span> <span class='ocrx_word' id='word_1_55' title='bbox 372 1481 404 1531; x_wconf 89' lang='lat' dir='ltr'>et</span> <span class='ocrx_word' id='word_1_56' title='bbox 423 1488 522 1531; x_wconf 88' lang='lat' dir='ltr'>verus</span> <span class='ocrx_word' id='word_1_57' title='bbox 536 1471 693 1547; x_wconf 85' lang='lat' dir='ltr'>pontifex,</span> <span class='ocrx_word' id='word_1_58' title='bbox 715 1482 746 1531; x_wconf 94' lang='lat' dir='ltr'>et</span> <span class='ocrx_word' id='word_1_59' title='bbox 764 1481 873 1546; x_wconf 89' lang='lat' dir='ltr'>pastor</span> <span class='ocrx_word' id='word_1_60' title='bbox 887 1481 990 1532; x_wconf 89' lang='lat' dir='ltr'>aeter·</span> 
     </span>
     <span class='ocr_line' id='line_1_12' title="bbox 234 1569 989 1645; baseline 0.003 -17"><span class='ocrx_word' id='word_1_61' title='bbox 234 1586 307 1644; x_wconf 93' lang='lat' dir='ltr'>nus,</span> <span class='ocrx_word' id='word_1_62' title='bbox 328 1586 426 1645; x_wconf 89' lang='lat' dir='ltr'>quem</span> <span class='ocrx_word' id='word_1_63' title='bbox 442 1569 629 1628; x_wconf 83' lang='lat' dir='ltr'>sacerdotes</span> <span class='ocrx_word' id='word_1_64' title='bbox 645 1577 677 1628; x_wconf 88' lang='lat' dir='ltr'>et</span> <span class='ocrx_word' id='word_1_65' title='bbox 692 1569 819 1644; x_wconf 88' lang='lat' dir='ltr'>levitae,</span> <span class='ocrx_word' id='word_1_66' title='bbox 837 1569 989 1631; x_wconf 91' lang='lat' dir='ltr'>doctores</span> 
     </span>
     <span class='ocr_line' id='line_1_13' title="bbox 233 1665 990 1742; baseline 0.001 -16"><span class='ocrx_word' id='word_1_67' title='bbox 233 1678 329 1742; x_wconf 89' lang='lat' dir='ltr'>atque</span> <span class='ocrx_word' id='word_1_68' title='bbox 359 1667 585 1741; x_wconf 83' lang='lat' dir='ltr'>confessores,</span> <span class='ocrx_word' id='word_1_69' title='bbox 614 1665 679 1725; x_wconf 89' lang='lat' dir='ltr'>vita</span> <span class='ocrx_word' id='word_1_70' title='bbox 706 1666 845 1726; x_wconf 89' lang='lat' dir='ltr'>scientia</span> <span class='ocrx_word' id='word_1_71' title='bbox 873 1677 904 1726; x_wconf 95' lang='lat' dir='ltr'>et</span> <span class='ocrx_word' id='word_1_72' title='bbox 926 1667 990 1727; x_wconf 90' lang='lat' dir='ltr'>vir·</span> 
     </span>
     <span class='ocr_line' id='line_1_14' title="bbox 233 1763 990 1840; baseline 0.003 -16"><span class='ocrx_word' id='word_1_73' title='bbox 233 1763 356 1824; x_wconf 91' lang='lat' dir='ltr'>tutibus</span> <span class='ocrx_word' id='word_1_74' title='bbox 379 1764 639 1825; x_wconf 87' lang='lat' dir='ltr'>clarificaverunt</span> <span class='ocrx_word' id='word_1_75' title='bbox 663 1781 760 1840; x_wconf 94' lang='lat' dir='ltr'>quem</span> <span class='ocrx_word' id='word_1_76' title='bbox 783 1765 934 1824; x_wconf 91' lang='lat' dir='ltr'>monachi</span> <span class='ocrx_word' id='word_1_77' title='bbox 959 1775 990 1826; x_wconf 89' lang='lat' dir='ltr'>et</span> 
     </span>
     <span class='ocr_line' id='line_1_15' title="bbox 234 1862 989 1939; baseline 0.001 -19"><span class='ocrx_word' id='word_1_78' title='bbox 234 1862 388 1921; x_wconf 91' lang='lat' dir='ltr'>eremitae</span> <span class='ocrx_word' id='word_1_79' title='bbox 417 1879 475 1938; x_wconf 91' lang='lat' dir='ltr'>per</span> <span class='ocrx_word' id='word_1_80' title='bbox 506 1871 606 1922; x_wconf 86' lang='lat' dir='ltr'>artam</span> <span class='ocrx_word' id='word_1_81' title='bbox 638 1872 873 1939; x_wconf 83' lang='lat' dir='ltr'>angustamque</span> <span class='ocrx_word' id='word_1_82' title='bbox 901 1863 989 1922; x_wconf 88' lang='lat' dir='ltr'>viam</span> 
     </span>
     <span class='ocr_line' id='line_1_16' title="bbox 200 1959 989 2034; baseline 0.003 -17"><span class='ocrx_word' id='word_1_83' title='bbox 200 1959 435 2034; x_wconf 76' lang='lat' dir='ltr'>15gradientes,</span> <span class='ocrx_word' id='word_1_84' title='bbox 464 1968 529 2019; x_wconf 91' lang='lat' dir='ltr'>tota</span> <span class='ocrx_word' id='word_1_85' title='bbox 560 1960 678 2020; x_wconf 89' lang='lat' dir='ltr'>mentis</span> <span class='ocrx_word' id='word_1_86' title='bbox 707 1960 880 2020; x_wconf 89' lang='lat' dir='ltr'>devotione</span> <span class='ocrx_word' id='word_1_87' title='bbox 910 1959 989 2019; x_wconf 91' lang='lat' dir='ltr'>dile·</span> 
     </span>
     <span class='ocr_line' id='line_1_17' title="bbox 233 2055 989 2132; baseline -0.001 -16"><span class='ocrx_word' id='word_1_88' title='bbox 233 2066 358 2116; x_wconf 86' lang='lat' dir='ltr'>xerunt.</span> <span class='ocrx_word' id='word_1_89' title='bbox 388 2055 459 2116; x_wconf 84' lang='lat' dir='ltr'>Ave</span> <span class='ocrx_word' id='word_1_90' title='bbox 476 2056 616 2116; x_wconf 90' lang='lat' dir='ltr'>Domine</span> <span class='ocrx_word' id='word_1_91' title='bbox 640 2057 713 2116; x_wconf 90' lang='lat' dir='ltr'>lesu</span> <span class='ocrx_word' id='word_1_92' title='bbox 735 2056 869 2118; x_wconf 90' lang='lat' dir='ltr'>Christe</span> <span class='ocrx_word' id='word_1_93' title='bbox 891 2073 989 2132; x_wconf 91' lang='lat' dir='ltr'>spon-</span> 
     </span>
     <span class='ocr_line' id='line_1_18' title="bbox 233 2154 1057 2231; baseline 0.002 -19"><span class='ocrx_word' id='word_1_94' title='bbox 233 2171 290 2213; x_wconf 90' lang='lat' dir='ltr'>sus</span> <span class='ocrx_word' id='word_1_95' title='bbox 312 2154 491 2230; x_wconf 90' lang='lat' dir='ltr'>virginum,</span> <span class='ocrx_word' id='word_1_96' title='bbox 520 2156 665 2214; x_wconf 86' lang='lat' dir='ltr'>solamen</span> <span class='ocrx_word' id='word_1_97' title='bbox 695 2155 882 2229; x_wconf 91' lang='lat' dir='ltr'>viduarum,</span> <span class='ocrx_word' id='word_1_98' title='bbox 911 2172 990 2231; x_wconf 88' lang='lat' dir='ltr'>spes</span> <span class='ocrx_word' id='word_1_99' title='bbox 1056 2165 1057 2171; x_wconf 77' lang='grc'>’</span> 
     </span>
     <span class='ocr_line' id='line_1_19' title="bbox 233 2252 989 2329; baseline 0.001 -19"><span class='ocrx_word' id='word_1_100' title='bbox 233 2252 444 2327; x_wconf 90' lang='lat' dir='ltr'>pupillorum,</span> <span class='ocrx_word' id='word_1_101' title='bbox 473 2253 635 2329; x_wconf 86' lang='lat' dir='ltr'>refugium</span> <span class='ocrx_word' id='word_1_102' title='bbox 667 2253 913 2326; x_wconf 89' lang='lat' dir='ltr'>destitutorum,</span> <span class='ocrx_word' id='word_1_103' title='bbox 944 2252 989 2311; x_wconf 95' lang='lat' dir='ltr'>le-</span> 
     </span>
     <span class='ocr_line' id='line_1_20' title="bbox 232 2349 989 2425; baseline -0.003 -15"><span class='ocrx_word' id='word_1_104' title='bbox 232 2368 349 2410; x_wconf 89' lang='lat' dir='ltr'>vamen</span> <span class='ocrx_word' id='word_1_105' title='bbox 365 2351 516 2425; x_wconf 88' lang='lat' dir='ltr'>tristium,</span> <span class='ocrx_word' id='word_1_106' title='bbox 532 2361 663 2410; x_wconf 90' lang='lat' dir='ltr'>aeterna</span> <span class='ocrx_word' id='word_1_107' title='bbox 674 2351 763 2410; x_wconf 92' lang='lat' dir='ltr'>salus</span> <span class='ocrx_word' id='word_1_108' title='bbox 774 2349 989 2423; x_wconf 88' lang='lat' dir='ltr'>credentium,</span> 
     </span>
     <span class='ocr_line' id='line_1_21' title="bbox 196 2446 989 2524; baseline -0.004 -16"><span class='ocrx_word' id='word_1_109' title='bbox 196 2457 411 2524; x_wconf 86' lang='lat' dir='ltr'>20portusque</span> <span class='ocrx_word' id='word_1_110' title='bbox 433 2449 612 2509; x_wconf 92' lang='lat' dir='ltr'>latissimus</span> <span class='ocrx_word' id='word_1_111' title='bbox 627 2448 772 2508; x_wconf 92' lang='lat' dir='ltr'>omnium</span> <span class='ocrx_word' id='word_1_112' title='bbox 791 2447 830 2506; x_wconf 88' lang='lat' dir='ltr'>ad</span> <span class='ocrx_word' id='word_1_113' title='bbox 852 2457 884 2506; x_wconf 87' lang='lat' dir='ltr'>te</span> <span class='ocrx_word' id='word_1_114' title='bbox 898 2446 989 2505; x_wconf 92' lang='lat' dir='ltr'>veni·</span> 
     </span>
     <span class='ocr_line' id='line_1_22' title="bbox 233 2543 989 2622; baseline -0.003 -16"><span class='ocrx_word' id='word_1_115' title='bbox 233 2547 374 2621; x_wconf 90' lang='lat' dir='ltr'>entium,</span> <span class='ocrx_word' id='word_1_116' title='bbox 402 2563 499 2622; x_wconf 91' lang='lat' dir='ltr'>quem</span> <span class='ocrx_word' id='word_1_117' title='bbox 522 2547 655 2622; x_wconf 89' lang='lat' dir='ltr'>speciali</span> <span class='ocrx_word' id='word_1_118' title='bbox 681 2545 837 2605; x_wconf 88' lang='lat' dir='ltr'>castitatis</span> <span class='ocrx_word' id='word_1_119' title='bbox 859 2543 989 2618; x_wconf 86' lang='lat' dir='ltr'>decore,</span> 
     </span>
     <span class='ocr_line' id='line_1_23' title="bbox 232 2642 1052 2722; baseline -0.004 -18"><span class='ocrx_word' id='word_1_120' title='bbox 232 2644 394 2722; x_wconf 91' lang='lat' dir='ltr'>virginum</span> <span class='ocrx_word' id='word_1_121' title='bbox 418 2647 538 2704; x_wconf 89' lang='lat' dir='ltr'>chorus</span> <span class='ocrx_word' id='word_1_122' title='bbox 560 2644 709 2720; x_wconf 90' lang='lat' dir='ltr'>sequitur</span> <span class='ocrx_word' id='word_1_123' title='bbox 730 2642 989 2717; x_wconf 91' lang='lat' dir='ltr'>innumerabilis,</span> <span class='ocrx_word' id='word_1_124' title='bbox 1051 2667 1052 2675; x_wconf 48' lang='lat'>¹</span> 
     </span>
     <span class='ocr_line' id='line_1_24' title="bbox 234 2739 1051 2816; baseline -0.005 -14"><span class='ocrx_word' id='word_1_125' title='bbox 234 2739 989 2816; x_wconf 86' lang='lat' dir='ltr'>ferensimmaculatamaureolamsuaeintegri·</span> <span class='ocrx_word' id='word_1_126' title='bbox 1050 2769 1051 2776; x_wconf 21' lang='grc' dir='ltr'><strong>κ</strong></span> 
     </span>
     <span class='ocr_line' id='line_1_25' title="bbox 232 2838 989 2913; baseline -0.003 -14"><span class='ocrx_word' id='word_1_127' title='bbox 232 2839 315 2899; x_wconf 83' lang='lat' dir='ltr'>tatis</span> <span class='ocrx_word' id='word_1_128' title='bbox 331 2838 402 2899; x_wconf 84' lang='lat' dir='ltr'>Ave</span> <span class='ocrx_word' id='word_1_129' title='bbox 414 2840 555 2900; x_wconf 88' lang='lat' dir='ltr'>Domine</span> <span class='ocrx_word' id='word_1_130' title='bbox 567 2840 641 2899; x_wconf 91' lang='lat' dir='ltr'>lesu</span> <span class='ocrx_word' id='word_1_131' title='bbox 654 2839 788 2900; x_wconf 91' lang='lat' dir='ltr'>Christe</span> <span class='ocrx_word' id='word_1_132' title='bbox 799 2839 854 2897; x_wconf 85' lang='lat' dir='ltr'>lux</span> <span class='ocrx_word' id='word_1_133' title='bbox 865 2838 989 2913; x_wconf 89' lang='lat' dir='ltr'>mundi,</span> 
     </span>
     <span class='ocr_line' id='line_1_26' title="bbox 196 2935 1049 3012; baseline -0.001 -15"><span class='ocrx_word' id='word_1_134' title='bbox 196 2936 307 2997; x_wconf 80' lang='lat' dir='ltr'>aslons</span> <span class='ocrx_word' id='word_1_135' title='bbox 329 2937 424 3011; x_wconf 89' lang='lat' dir='ltr'>vitae,</span> <span class='ocrx_word' id='word_1_136' title='bbox 446 2937 615 3012; x_wconf 90' lang='lat' dir='ltr'>paradisus</span> <span class='ocrx_word' id='word_1_137' title='bbox 637 2937 782 3011; x_wconf 90' lang='lat' dir='ltr'>animae,</span> <span class='ocrx_word' id='word_1_138' title='bbox 804 2935 988 2996; x_wconf 89' lang='lat' dir='ltr'>iucunditas</span> <span class='ocrx_word' id='word_1_139' title='bbox 1048 2945 1049 2975; x_wconf 64' lang='lat' dir='ltr'>l</span> 
     </span>
     <span class='ocr_line' id='line_1_27' title="bbox 233 3019 1048 3111; baseline -0.001 -17"><span class='ocrx_word' id='word_1_140' title='bbox 233 3032 989 3111; x_wconf 87' lang='lat' dir='ltr'>cordis,datorgratiae,restitutorinnocentiae,</span> <span class='ocrx_word' id='word_1_141' title='bbox 1046 3019 1048 3104; x_wconf 60' lang='lat' dir='ltr'>l</span> 
     </span>
     <span class='ocr_line' id='line_1_28' title="bbox 232 3113 1047 3207; baseline 0.001 -17"><span class='ocrx_word' id='word_1_142' title='bbox 232 3132 265 3190; x_wconf 90' lang='lat' dir='ltr'>in</span> <span class='ocrx_word' id='word_1_143' title='bbox 288 3148 352 3207; x_wconf 92' lang='lat' dir='ltr'>quo</span> <span class='ocrx_word' id='word_1_144' title='bbox 374 3143 450 3192; x_wconf 91' lang='lat' dir='ltr'>suut</span> <span class='ocrx_word' id='word_1_145' title='bbox 465 3150 580 3192; x_wconf 90' lang='lat' dir='ltr'>omnes</span> <span class='ocrx_word' id='word_1_146' title='bbox 595 3132 739 3193; x_wconf 87' lang='lat' dir='ltr'>thesauri</span> <span class='ocrx_word' id='word_1_147' title='bbox 755 3130 935 3207; x_wconf 92' lang='lat' dir='ltr'>sapientiae</span> <span class='ocrx_word' id='word_1_148' title='bbox 957 3142 989 3191; x_wconf 89' lang='lat' dir='ltr'>et</span> <span class='ocrx_word' id='word_1_149' title='bbox 1046 3113 1047 3177; x_wconf 68' lang='lat' dir='ltr'>l</span> 
     </span>
     <span class='ocr_line' id='line_1_29' title="bbox 232 3227 987 3306; baseline 0.003 -19"><span class='ocrx_word' id='word_1_150' title='bbox 232 3227 388 3288; x_wconf 87' lang='lat' dir='ltr'>scientiae</span> <span class='ocrx_word' id='word_1_151' title='bbox 412 3229 472 3288; x_wconf 90' lang='lat' dir='ltr'>Dei</span> <span class='ocrx_word' id='word_1_152' title='bbox 495 3230 685 3304; x_wconf 89' lang='lat' dir='ltr'>absconditi,</span> <span class='ocrx_word' id='word_1_153' title='bbox 707 3247 804 3306; x_wconf 91' lang='lat' dir='ltr'>quem</span> <span class='ocrx_word' id='word_1_154' title='bbox 827 3246 927 3289; x_wconf 91' lang='lat' dir='ltr'>nosse</span> <span class='ocrx_word' id='word_1_155' title='bbox 943 3231 987 3290; x_wconf 92' lang='lat' dir='ltr'>vi·</span> 
     </span>
     <span class='ocr_line' id='line_1_30' title="bbox 232 3327 986 3404; baseline 0.001 -19"><span class='ocrx_word' id='word_1_156' title='bbox 232 3343 320 3401; x_wconf 87' lang='lat' dir='ltr'>vere,</span> <span class='ocrx_word' id='word_1_157' title='bbox 335 3327 386 3386; x_wconf 91' lang='lat' dir='ltr'>cui</span> <span class='ocrx_word' id='word_1_158' title='bbox 403 3327 528 3387; x_wconf 91' lang='lat' dir='ltr'>servire</span> <span class='ocrx_word' id='word_1_159' title='bbox 545 3345 679 3404; x_wconf 91' lang='lat' dir='ltr'>regnare</span> <span class='ocrx_word' id='word_1_160' title='bbox 696 3338 755 3402; x_wconf 90' lang='lat' dir='ltr'>est,</span> <span class='ocrx_word' id='word_1_161' title='bbox 770 3344 867 3404; x_wconf 92' lang='lat' dir='ltr'>quem</span> <span class='ocrx_word' id='word_1_162' title='bbox 884 3329 986 3388; x_wconf 90' lang='lat' dir='ltr'>semel</span> 
     </span>
     <span class='ocr_line' id='line_1_31' title="bbox 196 3422 986 3501; baseline -0.001 -15"><span class='ocrx_word' id='word_1_163' title='bbox 196 3422 355 3486; x_wconf 80' lang='lat' dir='ltr'>sovidisse</span> <span class='ocrx_word' id='word_1_164' title='bbox 377 3433 427 3483; x_wconf 90' lang='lat' dir='ltr'>est</span> <span class='ocrx_word' id='word_1_165' title='bbox 448 3424 557 3483; x_wconf 89' lang='lat' dir='ltr'>omnia</span> <span class='ocrx_word' id='word_1_166' title='bbox 577 3424 741 3500; x_wconf 91' lang='lat' dir='ltr'>didicisse,</span> <span class='ocrx_word' id='word_1_167' title='bbox 767 3425 800 3485; x_wconf 92' lang='lat' dir='ltr'>in</span> <span class='ocrx_word' id='word_1_168' title='bbox 820 3441 918 3501; x_wconf 89' lang='lat' dir='ltr'>quern</span> <span class='ocrx_word' id='word_1_169' title='bbox 934 3441 986 3485; x_wconf 93' lang='lat' dir='ltr'>an·</span> 
     </span>
    </p>
   </div>
   <div class='ocr_carea' id='block_1_3' title="bbox 231 3515 1043 3668">
    <p class='ocr_par' dir='ltr' id='par_1_3' title="bbox 231 3515 1043 3668">
     <span class='ocr_line' id='line_1_32' title="bbox 231 3515 1043 3600; baseline -0.004 -18"><span class='ocrx_word' id='word_1_170' title='bbox 231 3521 294 3598; x_wconf 89' lang='lat' dir='ltr'>geli</span> <span class='ocrx_word' id='word_1_171' title='bbox 311 3522 422 3583; x_wconf 90' lang='lat' dir='ltr'>videre</span> <span class='ocrx_word' id='word_1_172' title='bbox 438 3523 684 3598; x_wconf 90' lang='lat' dir='ltr'>concupiscunt,</span> <span class='ocrx_word' id='word_1_173' title='bbox 704 3540 740 3583; x_wconf 87' lang='lat' dir='ltr'>ac</span> <span class='ocrx_word' id='word_1_174' title='bbox 756 3540 841 3582; x_wconf 94' lang='lat' dir='ltr'>novo</span> <span class='ocrx_word' id='word_1_175' title='bbox 857 3540 987 3600; x_wconf 91' lang='lat' dir='ltr'>semper</span> <span class='ocrx_word' id='word_1_176' title='bbox 1041 3515 1043 3579; x_wconf 87' lang='lat' dir='ltr'>l</span> 
     </span>
     <span class='ocr_line' id='line_1_33' title="bbox 596 3629 623 3668; baseline 0 0"><span class='ocrx_word' id='word_1_177' title='bbox 596 3629 623 3668; x_wconf 80' lang='lat'>54</span> 
     </span>
    </p>
   </div>
   <div class='ocr_carea' id='block_1_4' title="bbox 0 0 1066 4196">
    <p class='ocr_par' dir='ltr' id='par_1_4' title="bbox 0 0 1066 4196">
     <span class='ocr_line' id='line_1_34' title="bbox 0 0 1066 4196; baseline 0 0"><span class='ocrx_word' id='word_1_178' title='bbox 0 0 1066 4196; x_wconf 95' lang='lat' dir='ltr'> </span> 
     </span>
    </p>
   </div>
  </div>
 </body>
</html>
