<?xml version="1.0" encoding="UTF-8"?>
<!DOCTYPE html PUBLIC "-//W3C//DTD XHTML 1.0 Transitional//EN"
    "http://www.w3.org/TR/xhtml1/DTD/xhtml1-transitional.dtd">
<html xmlns="http://www.w3.org/1999/xhtml" xml:lang="en" lang="en">
 <head>
  <title>
</title>
<meta http-equiv="Content-Type" content="text/html;charset=utf-8" />
  <meta name='ocr-system' content='tesseract 3.04.00' />
  <meta name='ocr-capabilities' content='ocr_page ocr_carea ocr_par ocr_line ocrx_word'/>
</head>
<body>
  <div class='ocr_page' id='page_1' title='image "./thomaehemerkena01pohlgoog_0377.png"; bbox 0 0 2118 4186; ppageno 0'>
   <div class='ocr_carea' id='block_1_1' title="bbox 211 393 975 447">
    <p class='ocr_par' dir='ltr' id='par_1_1' title="bbox 211 393 975 447">
     <span class='ocr_line' id='line_1_1' title="bbox 211 393 975 447; baseline 0.005 -14"><span class='ocrx_word' id='word_1_1' title='bbox 211 397 332 447; x_wconf 53' lang='lat' dir='ltr'>moy&amp;</span> <span class='ocrx_word' id='word_1_2' title='bbox 351 394 524 436; x_wconf 74' lang='lat' dir='ltr'>ommonfis</span> <span class='ocrx_word' id='word_1_3' title='bbox 542 395 580 436; x_wconf 82' lang='lat' dir='ltr'>DE</span> <span class='ocrx_word' id='word_1_4' title='bbox 596 393 688 436; x_wconf 77' lang='grc' dir='ltr'>ΒΕΑΤΑ</span> <span class='ocrx_word' id='word_1_5' title='bbox 702 393 831 435; x_wconf 87' lang='lat' dir='ltr'>VIRGINE</span> <span class='ocrx_word' id='word_1_6' title='bbox 850 393 975 446; x_wconf 49' lang='lat' dir='ltr'>&amp;ww</span> 
     </span>
    </p>
   </div>
   <div class='ocr_carea' id='block_1_2' title="bbox 140 509 1039 3225">
    <p class='ocr_par' dir='ltr' id='par_1_2' title="bbox 140 509 1039 3225">
     <span class='ocr_line' id='line_1_2' title="bbox 212 509 975 605; baseline -0.003 -17"><span class='ocrx_word' id='word_1_7' title='bbox 212 537 341 605; x_wconf 87' lang='lat' dir='ltr'>gantem</span> <span class='ocrx_word' id='word_1_8' title='bbox 364 529 487 587; x_wconf 90' lang='lat' dir='ltr'>abhoc</span> <span class='ocrx_word' id='word_1_9' title='bbox 510 527 607 586; x_wconf 86' lang='lat' dir='ltr'>exilio</span> <span class='ocrx_word' id='word_1_10' title='bbox 627 509 756 602; x_wconf 91' lang='lat' dir='ltr'>inopem</span> <span class='ocrx_word' id='word_1_11' title='bbox 773 526 918 586; x_wconf 90' lang='lat' dir='ltr'>animam</span> <span class='ocrx_word' id='word_1_12' title='bbox 942 536 975 586; x_wconf 89' lang='lat' dir='ltr'>et</span> 
     </span>
     <span class='ocr_line' id='line_1_3' title="bbox 212 624 976 702; baseline -0.003 -17"><span class='ocrx_word' id='word_1_13' title='bbox 212 627 363 686; x_wconf 90' lang='lat' dir='ltr'>introduc</span> <span class='ocrx_word' id='word_1_14' title='bbox 385 643 456 685; x_wconf 83' lang='lat' dir='ltr'>eam</span> <span class='ocrx_word' id='word_1_15' title='bbox 473 641 531 701; x_wconf 92' lang='lat' dir='ltr'>per</span> <span class='ocrx_word' id='word_1_16' title='bbox 546 634 655 702; x_wconf 86' lang='lat' dir='ltr'>portas</span> <span class='ocrx_word' id='word_1_17' title='bbox 677 624 758 684; x_wconf 90' lang='lat' dir='ltr'>caeli</span> <span class='ocrx_word' id='word_1_18' title='bbox 774 625 813 684; x_wconf 90' lang='lat' dir='ltr'>ad</span> <span class='ocrx_word' id='word_1_19' title='bbox 831 641 976 684; x_wconf 89' lang='lat' dir='ltr'>amoena</span> 
     </span>
     <span class='ocr_line' id='line_1_4' title="bbox 212 723 975 799; baseline -0.001 -17"><span class='ocrx_word' id='word_1_20' title='bbox 212 723 362 799; x_wconf 85' lang='lat' dir='ltr'>paradisi.</span> <span class='ocrx_word' id='word_1_21' title='bbox 406 723 518 782; x_wconf 82' lang='lat' dir='ltr'>Statue</span> <span class='ocrx_word' id='word_1_22' title='bbox 541 740 593 783; x_wconf 90' lang='lat' dir='ltr'>me</span> <span class='ocrx_word' id='word_1_23' title='bbox 615 723 703 782; x_wconf 86' lang='lat' dir='ltr'>iuxta</span> <span class='ocrx_word' id='word_1_24' title='bbox 725 732 757 782; x_wconf 86' lang='lat' dir='ltr'>te</span> <span class='ocrx_word' id='word_1_25' title='bbox 779 732 811 782; x_wconf 89' lang='lat' dir='ltr'>et</span> <span class='ocrx_word' id='word_1_26' title='bbox 833 723 975 798; x_wconf 91' lang='lat' dir='ltr'>loquere</span> 
     </span>
     <span class='ocr_line' id='line_1_5' title="bbox 211 819 974 897; baseline 0 -17"><span class='ocrx_word' id='word_1_27' title='bbox 211 822 250 881; x_wconf 94' lang='lat' dir='ltr'>ad</span> <span class='ocrx_word' id='word_1_28' title='bbox 272 821 373 880; x_wconf 87' lang='lat' dir='ltr'>lilium</span> <span class='ocrx_word' id='word_1_29' title='bbox 397 831 487 880; x_wconf 94' lang='lat' dir='ltr'>tuum</span> <span class='ocrx_word' id='word_1_30' title='bbox 511 838 569 897; x_wconf 92' lang='lat' dir='ltr'>pro</span> <span class='ocrx_word' id='word_1_31' title='bbox 591 837 654 895; x_wconf 90' lang='lat' dir='ltr'>me,</span> <span class='ocrx_word' id='word_1_32' title='bbox 678 821 799 896; x_wconf 85' lang='lat' dir='ltr'>Regem</span> <span class='ocrx_word' id='word_1_33' title='bbox 821 819 974 880; x_wconf 92' lang='lat' dir='ltr'>omnium</span> 
     </span>
     <span class='ocr_line' id='line_1_6' title="bbox 189 919 975 994; baseline 0.003 -18"><span class='ocrx_word' id='word_1_34' title='bbox 189 920 436 994; x_wconf 81' lang='lat' dir='ltr'>ssaeculorum,</span> <span class='ocrx_word' id='word_1_35' title='bbox 471 919 607 978; x_wconf 89' lang='lat' dir='ltr'>verbum</span> <span class='ocrx_word' id='word_1_36' title='bbox 638 919 760 977; x_wconf 94' lang='lat' dir='ltr'>bonum</span> <span class='ocrx_word' id='word_1_37' title='bbox 793 927 825 977; x_wconf 90' lang='lat' dir='ltr'>et</span> <span class='ocrx_word' id='word_1_38' title='bbox 856 935 975 992; x_wconf 87' lang='lat' dir='ltr'>suave,</span> 
     </span>
     <span class='ocr_line' id='line_1_7' title="bbox 211 1015 973 1093; baseline -0.003 -17"><span class='ocrx_word' id='word_1_39' title='bbox 211 1023 294 1093; x_wconf 87' lang='lat' dir='ltr'>quae</span> <span class='ocrx_word' id='word_1_40' title='bbox 316 1017 355 1075; x_wconf 89' lang='lat' dir='ltr'>ab</span> <span class='ocrx_word' id='word_1_41' title='bbox 378 1032 434 1075; x_wconf 89' lang='lat' dir='ltr'>ore</span> <span class='ocrx_word' id='word_1_42' title='bbox 458 1015 625 1076; x_wconf 82' lang='lat' dir='ltr'>Gabrielis</span> <span class='ocrx_word' id='word_1_43' title='bbox 649 1015 857 1075; x_wconf 91' lang='lat' dir='ltr'>benedictum</span> <span class='ocrx_word' id='word_1_44' title='bbox 887 1015 973 1075; x_wconf 92' lang='lat' dir='ltr'>illud</span> 
     </span>
     <span class='ocr_line' id='line_1_8' title="bbox 210 1112 972 1190; baseline -0.004 -16"><span class='ocrx_word' id='word_1_45' title='bbox 210 1131 270 1174; x_wconf 89' lang='lat' dir='ltr'>ave</span> <span class='ocrx_word' id='word_1_46' title='bbox 299 1114 464 1190; x_wconf 89' lang='lat' dir='ltr'>accepisti.</span> <span class='ocrx_word' id='word_1_47' title='bbox 515 1113 579 1172; x_wconf 91' lang='lat' dir='ltr'>Per</span> <span class='ocrx_word' id='word_1_48' title='bbox 607 1113 702 1172; x_wconf 91' lang='lat' dir='ltr'>cuius</span> <span class='ocrx_word' id='word_1_49' title='bbox 731 1112 883 1172; x_wconf 86' lang='lat' dir='ltr'>virtutem</span> <span class='ocrx_word' id='word_1_50' title='bbox 916 1129 972 1172; x_wconf 90' lang='lat' dir='ltr'>me</span> 
     </span>
     <span class='ocr_line' id='line_1_9' title="bbox 210 1210 972 1288; baseline -0.005 -16"><span class='ocrx_word' id='word_1_51' title='bbox 210 1228 406 1272; x_wconf 88' lang='lat' dir='ltr'>conservare</span> <span class='ocrx_word' id='word_1_52' title='bbox 429 1211 573 1288; x_wconf 88' lang='lat' dir='ltr'>digneris</span> <span class='ocrx_word' id='word_1_53' title='bbox 594 1210 760 1270; x_wconf 86' lang='lat' dir='ltr'>viventem</span> <span class='ocrx_word' id='word_1_54' title='bbox 780 1220 876 1285; x_wconf 86' lang='lat' dir='ltr'>atque</span> <span class='ocrx_word' id='word_1_55' title='bbox 900 1227 972 1269; x_wconf 93' lang='lat' dir='ltr'>mo-</span> 
     </span>
     <span class='ocr_line' id='line_1_10' title="bbox 211 1308 970 1383; baseline 0 -15"><span class='ocrx_word' id='word_1_56' title='bbox 211 1309 360 1383; x_wconf 90' lang='lat' dir='ltr'>rientem,</span> <span class='ocrx_word' id='word_1_57' title='bbox 376 1319 408 1369; x_wconf 93' lang='lat' dir='ltr'>et</span> <span class='ocrx_word' id='word_1_58' title='bbox 422 1309 507 1369; x_wconf 89' lang='lat' dir='ltr'>dona</span> <span class='ocrx_word' id='word_1_59' title='bbox 523 1309 602 1368; x_wconf 91' lang='lat' dir='ltr'>mihi</span> <span class='ocrx_word' id='word_1_60' title='bbox 619 1310 713 1382; x_wconf 89' lang='lat' dir='ltr'>hanc,</span> <span class='ocrx_word' id='word_1_61' title='bbox 728 1308 876 1381; x_wconf 88' lang='lat' dir='ltr'>obsecro,</span> <span class='ocrx_word' id='word_1_62' title='bbox 891 1325 970 1368; x_wconf 93' lang='lat' dir='ltr'>cum</span> 
     </span>
     <span class='ocr_line' id='line_1_11' title="bbox 177 1404 1039 1483; baseline -0.006 -15"><span class='ocrx_word' id='word_1_63' title='bbox 177 1428 201 1468; x_wconf 81' lang='grc' dir='ltr'>ιο</span> <span class='ocrx_word' id='word_1_64' title='bbox 212 1407 385 1467; x_wconf 91' lang='lat' dir='ltr'>devotione</span> <span class='ocrx_word' id='word_1_65' title='bbox 401 1407 510 1467; x_wconf 89' lang='lat' dir='ltr'>cordis</span> <span class='ocrx_word' id='word_1_66' title='bbox 525 1407 657 1483; x_wconf 86' lang='lat' dir='ltr'>saepius</span> <span class='ocrx_word' id='word_1_67' title='bbox 673 1406 831 1482; x_wconf 87' lang='lat' dir='ltr'>replicare</span> <span class='ocrx_word' id='word_1_68' title='bbox 846 1404 880 1464; x_wconf 94' lang='lat' dir='ltr'>in</span> <span class='ocrx_word' id='word_1_69' title='bbox 901 1405 970 1464; x_wconf 84' lang='lat' dir='ltr'>lau·</span> <span class='ocrx_word' id='word_1_70' title='bbox 1038 1419 1039 1474; x_wconf 71' lang='grc' dir='ltr'>ζ</span> 
     </span>
     <span class='ocr_line' id='line_1_12' title="bbox 210 1503 969 1581; baseline -0.003 -17"><span class='ocrx_word' id='word_1_71' title='bbox 210 1505 284 1564; x_wconf 90' lang='lat' dir='ltr'>dem</span> <span class='ocrx_word' id='word_1_72' title='bbox 317 1514 349 1564; x_wconf 93' lang='lat' dir='ltr'>et</span> <span class='ocrx_word' id='word_1_73' title='bbox 378 1504 514 1581; x_wconf 83' lang='lat' dir='ltr'>gloriam</span> <span class='ocrx_word' id='word_1_74' title='bbox 551 1503 698 1563; x_wconf 87' lang='lat' dir='ltr'>melliflui</span> <span class='ocrx_word' id='word_1_75' title='bbox 735 1513 767 1563; x_wconf 89' lang='lat' dir='ltr'>et</span> <span class='ocrx_word' id='word_1_76' title='bbox 802 1503 969 1563; x_wconf 88' lang='lat' dir='ltr'>benedicti</span> 
     </span>
     <span class='ocr_line' id='line_1_13' title="bbox 210 1600 970 1678; baseline 0 -18"><span class='ocrx_word' id='word_1_77' title='bbox 210 1601 354 1661; x_wconf 90' lang='lat' dir='ltr'>nominis</span> <span class='ocrx_word' id='word_1_78' title='bbox 378 1601 435 1661; x_wconf 92' lang='lat' dir='ltr'>tui.</span> <span class='ocrx_word' id='word_1_79' title='bbox 478 1600 600 1678; x_wconf 85' lang='lat' dir='ltr'>Accipe</span> <span class='ocrx_word' id='word_1_80' title='bbox 629 1601 738 1677; x_wconf 87' lang='lat' dir='ltr'>itaque</span> <span class='ocrx_word' id='word_1_81' title='bbox 767 1601 970 1677; x_wconf 85' lang='lat' dir='ltr'>deprecatio-</span> 
     </span>
     <span class='ocr_line' id='line_1_14' title="bbox 211 1699 970 1775; baseline 0 -17"><span class='ocrx_word' id='word_1_82' title='bbox 211 1716 286 1759; x_wconf 89' lang='lat' dir='ltr'>nem</span> <span class='ocrx_word' id='word_1_83' title='bbox 302 1699 389 1759; x_wconf 87' lang='lat' dir='ltr'>servi</span> <span class='ocrx_word' id='word_1_84' title='bbox 404 1699 461 1773; x_wconf 86' lang='lat' dir='ltr'>tui,</span> <span class='ocrx_word' id='word_1_85' title='bbox 476 1717 572 1775; x_wconf 88' lang='lat' dir='ltr'>quam</span> <span class='ocrx_word' id='word_1_86' title='bbox 584 1700 680 1758; x_wconf 94' lang='lat' dir='ltr'>modo</span> <span class='ocrx_word' id='word_1_87' title='bbox 692 1716 799 1758; x_wconf 90' lang='lat' dir='ltr'>coram</span> <span class='ocrx_word' id='word_1_88' title='bbox 812 1708 843 1758; x_wconf 92' lang='lat' dir='ltr'>te</span> <span class='ocrx_word' id='word_1_89' title='bbox 855 1699 970 1770; x_wconf 80' lang='lat' dir='ltr'>fundo,</span> 
     </span>
     <span class='ocr_line' id='line_1_15' title="bbox 210 1797 970 1873; baseline 0.001 -16"><span class='ocrx_word' id='word_1_90' title='bbox 210 1807 241 1857; x_wconf 90' lang='lat' dir='ltr'>et</span> <span class='ocrx_word' id='word_1_91' title='bbox 264 1797 391 1873; x_wconf 84' lang='lat' dir='ltr'>respice</span> <span class='ocrx_word' id='word_1_92' title='bbox 407 1797 439 1856; x_wconf 96' lang='lat' dir='ltr'>in</span> <span class='ocrx_word' id='word_1_93' title='bbox 455 1814 518 1871; x_wconf 90' lang='lat' dir='ltr'>me,</span> <span class='ocrx_word' id='word_1_94' title='bbox 541 1797 848 1857; x_wconf 87' lang='lat' dir='ltr'>misericordissima</span> <span class='ocrx_word' id='word_1_95' title='bbox 863 1807 970 1858; x_wconf 85' lang='lat' dir='ltr'>mater</span> 
     </span>
     <span class='ocr_line' id='line_1_16' title="bbox 176 1893 968 1970; baseline -0.001 -14"><span class='ocrx_word' id='word_1_96' title='bbox 176 1895 295 1969; x_wconf 85' lang='lat' dir='ltr'>rslesu,</span> <span class='ocrx_word' id='word_1_97' title='bbox 317 1894 407 1970; x_wconf 89' lang='lat' dir='ltr'>virgo</span> <span class='ocrx_word' id='word_1_98' title='bbox 431 1893 550 1969; x_wconf 84' lang='lat' dir='ltr'>Maria,</span> <span class='ocrx_word' id='word_1_99' title='bbox 578 1911 680 1970; x_wconf 86' lang='lat' dir='ltr'>super</span> <span class='ocrx_word' id='word_1_100' title='bbox 700 1911 816 1954; x_wconf 90' lang='lat' dir='ltr'>omnes</span> <span class='ocrx_word' id='word_1_101' title='bbox 838 1895 968 1970; x_wconf 89' lang='lat' dir='ltr'>dilecta,</span> 
     </span>
     <span class='ocr_line' id='line_1_17' title="bbox 209 1991 967 2068; baseline -0.001 -17"><span class='ocrx_word' id='word_1_102' title='bbox 209 2002 241 2052; x_wconf 91' lang='lat' dir='ltr'>et</span> <span class='ocrx_word' id='word_1_103' title='bbox 263 1993 435 2052; x_wconf 88' lang='lat' dir='ltr'>recordare</span> <span class='ocrx_word' id='word_1_104' title='bbox 464 1993 528 2052; x_wconf 90' lang='lat' dir='ltr'>mei</span> <span class='ocrx_word' id='word_1_105' title='bbox 551 2008 691 2068; x_wconf 88' lang='lat' dir='ltr'>semper.</span> <span class='ocrx_word' id='word_1_106' title='bbox 733 1991 831 2068; x_wconf 90' lang='lat' dir='ltr'>Quod</span> <span class='ocrx_word' id='word_1_107' title='bbox 858 1991 886 2051; x_wconf 91' lang='lat' dir='ltr'>si</span> <span class='ocrx_word' id='word_1_108' title='bbox 910 1991 967 2050; x_wconf 94' lang='lat' dir='ltr'>ali-</span> 
     </span>
     <span class='ocr_line' id='line_1_18' title="bbox 208 2090 966 2166; baseline 0.003 -18"><span class='ocrx_word' id='word_1_109' title='bbox 208 2090 337 2165; x_wconf 88' lang='lat' dir='ltr'>quando</span> <span class='ocrx_word' id='word_1_110' title='bbox 360 2090 537 2150; x_wconf 91' lang='lat' dir='ltr'>obliviscor</span> <span class='ocrx_word' id='word_1_111' title='bbox 558 2091 615 2165; x_wconf 88' lang='lat' dir='ltr'>tui,</span> <span class='ocrx_word' id='word_1_112' title='bbox 639 2092 701 2150; x_wconf 92' lang='lat' dir='ltr'>hoc</span> <span class='ocrx_word' id='word_1_113' title='bbox 724 2091 836 2166; x_wconf 90' lang='lat' dir='ltr'>utique</span> <span class='ocrx_word' id='word_1_114' title='bbox 859 2100 910 2150; x_wconf 89' lang='lat' dir='ltr'>est</span> <span class='ocrx_word' id='word_1_115' title='bbox 933 2091 966 2150; x_wconf 93' lang='lat' dir='ltr'>in</span> 
     </span>
     <span class='ocr_line' id='line_1_19' title="bbox 209 2187 1039 2264; baseline 0.002 -18"><span class='ocrx_word' id='word_1_116' title='bbox 209 2205 325 2263; x_wconf 84' lang='lat' dir='ltr'>magna</span> <span class='ocrx_word' id='word_1_117' title='bbox 346 2188 555 2264; x_wconf 86' lang='lat' dir='ltr'>displicentia</span> <span class='ocrx_word' id='word_1_118' title='bbox 578 2189 669 2249; x_wconf 91' lang='lat' dir='ltr'>mihi.</span> <span class='ocrx_word' id='word_1_119' title='bbox 712 2189 776 2248; x_wconf 88' lang='lat' dir='ltr'>Sed</span> <span class='ocrx_word' id='word_1_120' title='bbox 799 2197 910 2248; x_wconf 86' lang='lat' dir='ltr'>tamen</span> <span class='ocrx_word' id='word_1_121' title='bbox 933 2198 967 2248; x_wconf 91' lang='lat' dir='ltr'>tu</span> <span class='ocrx_word' id='word_1_122' title='bbox 1038 2187 1039 2208; x_wconf 66' lang='lat'>.</span> 
     </span>
     <span class='ocr_line' id='line_1_20' title="bbox 209 2285 1039 2362; baseline 0.001 -18"><span class='ocrx_word' id='word_1_123' title='bbox 209 2285 275 2344; x_wconf 94' lang='lat' dir='ltr'>noli</span> <span class='ocrx_word' id='word_1_124' title='bbox 305 2285 369 2345; x_wconf 87' lang='lat' dir='ltr'>mei</span> <span class='ocrx_word' id='word_1_125' title='bbox 397 2287 565 2361; x_wconf 89' lang='lat' dir='ltr'>oblivisci,</span> <span class='ocrx_word' id='word_1_126' title='bbox 594 2303 677 2362; x_wconf 88' lang='lat' dir='ltr'>quae</span> <span class='ocrx_word' id='word_1_127' title='bbox 707 2285 966 2346; x_wconf 87' lang='lat' dir='ltr'>misericordiam</span> <span class='ocrx_word' id='word_1_128' title='bbox 1038 2323 1039 2358; x_wconf 47' lang='lat'>3</span> 
     </span>
     <span class='ocr_line' id='line_1_21' title="bbox 171 2383 967 2460; baseline 0.001 -18"><span class='ocrx_word' id='word_1_129' title='bbox 171 2401 198 2442; x_wconf 88' lang='lat'>20</span> <span class='ocrx_word' id='word_1_130' title='bbox 209 2384 361 2443; x_wconf 94' lang='lat' dir='ltr'>omnibus</span> <span class='ocrx_word' id='word_1_131' title='bbox 377 2384 543 2460; x_wconf 86' lang='lat' dir='ltr'>peperisti.</span> <span class='ocrx_word' id='word_1_132' title='bbox 567 2385 648 2444; x_wconf 86' lang='lat' dir='ltr'>Vale</span> <span class='ocrx_word' id='word_1_133' title='bbox 664 2384 725 2443; x_wconf 92' lang='lat' dir='ltr'>iam</span> <span class='ocrx_word' id='word_1_134' title='bbox 743 2383 833 2460; x_wconf 86' lang='lat' dir='ltr'>virgo</span> <span class='ocrx_word' id='word_1_135' title='bbox 846 2383 967 2444; x_wconf 82' lang='lat' dir='ltr'>Maria:</span> 
     </span>
     <span class='ocr_line' id='line_1_22' title="bbox 209 2480 1039 2557; baseline 0.002 -18"><span class='ocrx_word' id='word_1_136' title='bbox 209 2497 286 2540; x_wconf 87' lang='lat' dir='ltr'>ecce</span> <span class='ocrx_word' id='word_1_137' title='bbox 309 2491 340 2540; x_wconf 91' lang='lat' dir='ltr'>te</span> <span class='ocrx_word' id='word_1_138' title='bbox 363 2482 468 2540; x_wconf 87' lang='lat' dir='ltr'>saluto</span> <span class='ocrx_word' id='word_1_139' title='bbox 485 2481 579 2540; x_wconf 85' lang='lat' dir='ltr'>flexis</span> <span class='ocrx_word' id='word_1_140' title='bbox 593 2481 743 2557; x_wconf 61' lang='lat' dir='ltr'>genibus</span> <span class='ocrx_word' id='word_1_141' title='bbox 764 2481 821 2540; x_wconf 92' lang='lat' dir='ltr'>tibi</span> <span class='ocrx_word' id='word_1_142' title='bbox 841 2480 966 2541; x_wconf 89' lang='lat' dir='ltr'>inclino</span> <span class='ocrx_word' id='word_1_143' title='bbox 1038 2503 1039 2514; x_wconf 54' lang='lat'>¹</span> 
     </span>
     <span class='ocr_line' id='line_1_23' title="bbox 209 2578 1039 2655; baseline 0.001 -17"><span class='ocrx_word' id='word_1_144' title='bbox 209 2579 335 2638; x_wconf 88' lang='lat' dir='ltr'>devotis</span> <span class='ocrx_word' id='word_1_145' title='bbox 347 2579 491 2654; x_wconf 86' lang='lat' dir='ltr'>nutibus,</span> <span class='ocrx_word' id='word_1_146' title='bbox 506 2579 563 2638; x_wconf 93' lang='lat' dir='ltr'>tibi</span> <span class='ocrx_word' id='word_1_147' title='bbox 578 2578 697 2655; x_wconf 83' lang='lat' dir='ltr'>gratias</span> <span class='ocrx_word' id='word_1_148' title='bbox 710 2595 769 2654; x_wconf 87' lang='lat' dir='ltr'>ago</span> <span class='ocrx_word' id='word_1_149' title='bbox 780 2578 966 2639; x_wconf 89' lang='lat' dir='ltr'>coniunctis</span> <span class='ocrx_word' id='word_1_150' title='bbox 1038 2643 1039 2652; x_wconf 10' lang='grc' dir='ltr'>χ</span> 
     </span>
     <span class='ocr_line' id='line_1_24' title="bbox 208 2675 967 2736; baseline 0.001 -2"><span class='ocrx_word' id='word_1_151' title='bbox 208 2675 368 2736; x_wconf 92' lang='lat' dir='ltr'>manibus.</span> <span class='ocrx_word' id='word_1_152' title='bbox 399 2677 437 2736; x_wconf 90' lang='lat' dir='ltr'>Et</span> <span class='ocrx_word' id='word_1_153' title='bbox 452 2686 487 2735; x_wconf 91' lang='lat' dir='ltr'>ut</span> <span class='ocrx_word' id='word_1_154' title='bbox 502 2676 682 2735; x_wconf 87' lang='lat' dir='ltr'>orationem</span> <span class='ocrx_word' id='word_1_155' title='bbox 703 2691 808 2734; x_wconf 88' lang='lat' dir='ltr'>meam</span> <span class='ocrx_word' id='word_1_156' title='bbox 825 2675 967 2736; x_wconf 89' lang='lat' dir='ltr'>libenter</span> 
     </span>
     <span class='ocr_line' id='line_1_25' title="bbox 140 2773 966 2848; baseline 0.001 -17"><span class='ocrx_word' id='word_1_157' title='bbox 140 2797 145 2810; x_wconf 73' lang='lat'>.</span> <span class='ocrx_word' id='word_1_158' title='bbox 208 2773 321 2833; x_wconf 88' lang='lat' dir='ltr'>audias</span> <span class='ocrx_word' id='word_1_159' title='bbox 336 2785 368 2834; x_wconf 89' lang='lat' dir='ltr'>et</span> <span class='ocrx_word' id='word_1_160' title='bbox 383 2773 569 2848; x_wconf 84' lang='lat' dir='ltr'>confirmes,</span> <span class='ocrx_word' id='word_1_161' title='bbox 584 2773 689 2833; x_wconf 86' lang='lat' dir='ltr'>adhuc</span> <span class='ocrx_word' id='word_1_162' title='bbox 705 2790 769 2832; x_wconf 88' lang='lat' dir='ltr'>una</span> <span class='ocrx_word' id='word_1_163' title='bbox 784 2774 966 2833; x_wconf 88' lang='lat' dir='ltr'>reverenda</span> 
     </span>
     <span class='ocr_line' id='line_1_26' title="bbox 170 2870 964 2932; baseline 0 0"><span class='ocrx_word' id='word_1_164' title='bbox 170 2870 401 2932; x_wconf 75' lang='lat' dir='ltr'>assalutatione</span> <span class='ocrx_word' id='word_1_165' title='bbox 425 2872 542 2932; x_wconf 82' lang='lat' dir='ltr'>faciem</span> <span class='ocrx_word' id='word_1_166' title='bbox 563 2881 650 2930; x_wconf 95' lang='lat' dir='ltr'>tuam</span> <span class='ocrx_word' id='word_1_167' title='bbox 673 2872 849 2931; x_wconf 86' lang='lat' dir='ltr'>honorabo.</span> <span class='ocrx_word' id='word_1_168' title='bbox 893 2871 964 2932; x_wconf 84' lang='lat' dir='ltr'>Ave</span> 
     </span>
     <span class='ocr_line' id='line_1_27' title="bbox 207 2967 964 3045; baseline 0.001 -19"><span class='ocrx_word' id='word_1_169' title='bbox 207 2967 330 3042; x_wconf 81' lang='lat' dir='ltr'>Maria,</span> <span class='ocrx_word' id='word_1_170' title='bbox 365 2969 466 3044; x_wconf 88' lang='lat' dir='ltr'>gratia</span> <span class='ocrx_word' id='word_1_171' title='bbox 497 2970 612 3045; x_wconf 87' lang='lat' dir='ltr'>plena,</span> <span class='ocrx_word' id='word_1_172' title='bbox 648 2968 810 3028; x_wconf 89' lang='lat' dir='ltr'>Dominus</span> <span class='ocrx_word' id='word_1_173' title='bbox 843 2977 964 3042; x_wconf 90' lang='lat' dir='ltr'>tecum,</span> 
     </span>
     <span class='ocr_line' id='line_1_28' title="bbox 206 3064 963 3140; baseline 0.003 -18"><span class='ocrx_word' id='word_1_174' title='bbox 206 3064 377 3124; x_wconf 88' lang='lat' dir='ltr'>benedicta</span> <span class='ocrx_word' id='word_1_175' title='bbox 405 3076 438 3125; x_wconf 93' lang='lat' dir='ltr'>tu</span> <span class='ocrx_word' id='word_1_176' title='bbox 461 3067 494 3127; x_wconf 95' lang='lat' dir='ltr'>in</span> <span class='ocrx_word' id='word_1_177' title='bbox 518 3067 729 3140; x_wconf 90' lang='lat' dir='ltr'>mulieribus,</span> <span class='ocrx_word' id='word_1_178' title='bbox 758 3076 790 3125; x_wconf 89' lang='lat' dir='ltr'>et</span> <span class='ocrx_word' id='word_1_179' title='bbox 811 3066 963 3126; x_wconf 91' lang='lat' dir='ltr'>benedic-</span> 
     </span>
     <span class='ocr_line' id='line_1_29' title="bbox 206 3162 963 3225; baseline 0.003 -5"><span class='ocrx_word' id='word_1_180' title='bbox 206 3172 259 3221; x_wconf 93' lang='lat' dir='ltr'>tus</span> <span class='ocrx_word' id='word_1_181' title='bbox 289 3162 414 3222; x_wconf 85' lang='lat' dir='ltr'>fructus</span> <span class='ocrx_word' id='word_1_182' title='bbox 443 3165 570 3224; x_wconf 90' lang='lat' dir='ltr'>ventris</span> <span class='ocrx_word' id='word_1_183' title='bbox 598 3163 643 3223; x_wconf 93' lang='lat' dir='ltr'>tui</span> <span class='ocrx_word' id='word_1_184' title='bbox 675 3164 768 3223; x_wconf 89' lang='lat' dir='ltr'>Iesus</span> <span class='ocrx_word' id='word_1_185' title='bbox 798 3163 963 3225; x_wconf 89' lang='lat' dir='ltr'>Christus.</span> 
     </span>
    </p>
   </div>
   <div class='ocr_carea' id='block_1_3' title="bbox 206 3257 609 3396">
    <p class='ocr_par' dir='ltr' id='par_1_3' title="bbox 206 3257 609 3396">
     <span class='ocr_line' id='line_1_30' title="bbox 206 3257 395 3339; baseline 0 -21"><span class='ocrx_word' id='word_1_186' title='bbox 206 3257 323 3319; x_wconf 85' lang='lat' dir='ltr'>Amen.</span> <span class='ocrx_word' id='word_1_187' title='bbox 393 3333 395 3339; x_wconf 42' lang='lat'>.</span> 
     </span>
     <span class='ocr_line' id='line_1_31' title="bbox 557 3341 609 3396; baseline 0.038 -2"><span class='ocrx_word' id='word_1_188' title='bbox 557 3341 609 3396; x_wconf 62' lang='lat'>33</span> 
     </span>
    </p>
   </div>
   <div class='ocr_carea' id='block_1_4' title="bbox 564 3557 604 3597">
    <p class='ocr_par' dir='ltr' id='par_1_4' title="bbox 564 3557 604 3597">
     <span class='ocr_line' id='line_1_32' title="bbox 564 3557 604 3597; baseline 0 0"><span class='ocrx_word' id='word_1_189' title='bbox 564 3557 604 3597; x_wconf 82' lang='grc'>360</span> 
     </span>
    </p>
   </div>
   <div class='ocr_carea' id='block_1_5' title="bbox 0 0 1064 4186">
    <p class='ocr_par' dir='ltr' id='par_1_5' title="bbox 0 0 1064 4186">
     <span class='ocr_line' id='line_1_33' title="bbox 0 0 1064 4186; baseline 0 2"><span class='ocrx_word' id='word_1_190' title='bbox 0 0 1064 4186; x_wconf 95' lang='lat' dir='ltr'> </span> 
     </span>
    </p>
   </div>
  </div>
 </body>
</html>
