2118 4186
220 472 260 522 &a
278 469 451 522 [sennoues
463 471 501 512 oe
512 471 578 514 vnn
590 471 625 514 ετ
636 470 784 514 rnssrour
796 471 920 523 oomni]
936 471 976 522 [a

220 604 328 664 tione:
359 614 394 665 ut
422 621 560 664 consors
588 604 647 664 lias
675 614 826 665 aeternae
853 605 975 682 gloriae

221 719 323 762 meae.
366 703 436 762 Nec
457 704 615 779 desperes
637 719 842 779 quacumque
863 703 975 762 adver·

221 803 315 862 sitate
336 802 545 861 imminente:
574 812 606 860 et
627 801 715 860 omni
738 803 879 860 humana
900 818 975 860 con·

220 899 379 960 solatione
401 899 586 959 recedente.
629 898 721 958 Non
750 900 875 958 soleo
904 899 976 958 tri·

197 1007 329 1056 sstem
361 998 638 1073 praeterire,
669 1014 747 1056 nec
777 1006 974 1055 orantem

220 1111 441 1170 spernere:
470 1097 528 1156 sed
550 1097 589 1155 ad
612 1113 664 1155 me
687 1096 879 1155 clamantem
902 1112 976 1154 cum

219 1193 353 1269 gemitu,
375 1195 554 1254 clementer
575 1194 739 1254 exaudire.
781 1194 886 1253 Probo
909 1209 977 1252 cer·

220 1302 360 1351 tantem:
390 1293 552 1352 coronabo
581 1301 857 1368 perseverantem.
901 1291 977 1350 Per·

221 1389 312 1449 mitto
328 1390 367 1449 ad
383 1389 546 1449 modicum
558 1389 704 1450 tribulari
715 1389 794 1449 mihi
807 1389 978 1462 dilectum3

187 1498 253 1547 ioet
275 1488 352 1547 dum
374 1488 483 1548 minus
505 1487 663 1563 aestimat,
685 1498 740 1547 aut
761 1487 976 1563 indignum

222 1603 264 1645 se
294 1595 460 1662 reputat
489 1586 630 1661 aliquo
659 1585 838 1645 solacio:
870 1584 978 1644 subito

221 1699 360 1758 appareo
377 1693 407 1744 et
423 1684 571 1744 illumino
587 1684 799 1761 ignorantem.
832 1683 906 1743 Feci
930 1683 978 1741 sic

221 1799 295 1840 cum
316 1782 486 1857 discipulis
509 1783 609 1842 meis:
631 1793 759 1842 etcum
782 1780 908 1841 dilectis
932 1780 978 1839 vi·

220 1879 419 1940 sitatricibus
447 1880 550 1940 sancti
580 1880 745 1956 sepulchri
775 1879 849 1939 mci.
893 1878 978 1937 Nam

187 1977 266 2036 nini
296 1978 329 2037 in
359 1978 488 2038 tristitia
518 1996 634 2055 magna
664 1979 814 2052 luerunt3
846 1992 977 2035 omnem

221 2092 312 2151 spem
335 2077 556 2152 perdiderunt,
578 2076 703 2136 nullum
721 2075 878 2135 solacium
895 2073 979 2133 scie·
1057 2152 1058 2159 ἵ

220 2174 312 2233 bant:
334 2174 411 2250 quid
427 2184 569 2251 agerent,
589 2191 695 2250 quove
711 2174 837 2233 abirent
851 2172 980 2248 ignora-

219 2271 305 2331 bant.
336 2271 389 2331 Nil
406 2273 560 2332 dulcius
576 2273 625 2332 eis
640 2272 770 2332 interim
787 2281 864 2347 erat,
879 2288 979 2347 quam

221 2385 347 2454 amare
370 2369 459 2445 llere,
481 2379 513 2430 et
532 2369 664 2446 saepius
679 2386 855 2446 quaerere:
878 2368 904 2428 si
921 2369 980 2428 ali-

184 2466 298 2542 aoquid
327 2467 367 2526 de
396 2484 448 2527 me
476 2468 646 2544 percipere
671 2468 864 2544 potuissent.
912 2465 980 2526 Sed

221 2565 315 2624 dum
345 2583 468 2625 omne
497 2568 729 2627 humanum
759 2564 978 2625 auxilium

221 2663 397 2738 defecit,
426 2664 553 2724 alluit
582 2682 670 2725 mox
699 2663 895 2724 divinum.
942 2663 982 2722 Et

222 2762 323 2821 multo
354 2761 483 2821 felicius
509 2762 558 2822 eis
585 2762 734 2839 contigit:
763 2778 859 2838 quam
883 2760 982 2819 aesti-

222 2876 311 2918 mare
330 2869 514 2935 potuerunt.
547 2860 630 2919 Nam
649 2859 711 2919 leci
732 2859 865 2935 angelos
885 2875 982 2917 meos

185 2974 212 3016 25
222 2956 348 3032 praeire
371 2957 425 3033 qui
448 2958 532 3016 bona
554 2975 639 3016 nova
659 2957 823 3032 dicerent3
845 2973 886 3015 ne
908 2955 982 3015 diu-

222 3054 287 3114 tius
316 3054 509 3114 inconsolati
540 3065 765 3114 remanerent:
796 3054 855 3113 sed
877 3053 981 3112 erecti

223 3151 256 3211 in
291 3169 383 3228 spem
420 3152 522 3228 vitae,
558 3169 668 3228 regem
703 3151 825 3228 gloriae
862 3168 982 3226 expec-

221 3259 336 3309 tarent.
397 3250 516 3310 Distuli
562 3250 659 3326 igitur
703 3249 766 3309 cito
811 3265 983 3325 apparere,

222 3355 256 3406 ut
287 3346 485 3406 desiderium
517 3347 694 3424 quaerendi
730 3355 910 3421 cresceret,
948 3357 984 3406 et

185 3443 425 3520 sopurgatiores
455 3444 494 3503 ad
526 3443 701 3503 videndum
734 3443 867 3520 fierent3
901 3461 984 3520 qua-

223 3553 319 3600 tenus
349 3558 402 3602 me
431 3541 501 3600 viso
531 3541 670 3616 amplius
698 3541 893 3618 gauderent,
925 3543 985 3602 de-

580 3646 622 3687 aro
