2144 4194
73 475 374 529 &mm
417 474 810 528 [Umidum

72 609 167 668 cordis
187 609 248 668 cito
270 618 446 684 praestare.
484 607 571 669 Talis
593 619 644 670 est
666 609 720 686 qui
744 625 809 668 ma·

70 707 158 766 culari
179 724 243 766 non
264 716 389 783 potest:
413 706 507 767 cuius
529 715 648 768 attactu
670 706 809 767 morbidi

70 815 218 881 sanantur,
240 815 272 865 et
294 806 528 866 convalescunt
542 805 673 865 infirmi.
714 805 809 865 Nunc

70 918 136 979 ergo
164 921 238 979 para
273 904 320 963 illi
351 904 481 965 abintus
515 905 687 981 pulchrum
719 919 809 979 prae·

70 1001 198 1076 sepium:
214 1003 246 1061 in
263 1018 328 1078 quo
343 1019 483 1077 reponas
500 1002 608 1061 lesum
620 1000 682 1061 Dei
697 999 833 1060 liliums

71 1177 117 1238 DE
129 1178 301 1240 Gnvnlo
315 1179 448 1240 HVIVS
463 1180 551 1240 DIEI
567 1177 618 1239 ET
630 1176 809 1239 DEVOTO

254 1277 481 1354 OBSEQVIO
505 1277 611 1338 IESV.

436 1391 459 1439 11

70 1430 303 1651 &Andrus
322 1390 470 1567 gangim]
483 1492 517 1552 in
532 1492 689 1552 Domino:
710 1496 742 1550 et
762 1507 811 1550 ex-

194 1591 306 1650 ultabo
330 1590 364 1649 in
386 1590 452 1649 Deo
473 1589 544 1648 lesu
568 1605 646 1648 meo.
690 1589 719 1650 Ο
742 1590 847 1654 dul-ro

69 1685 190 1747 cissime
213 1689 288 1748 lesu
311 1696 343 1746 et
365 1687 588 1748 amantissime
610 1704 708 1763 puer,
736 1705 811 1764 gau-

71 1784 150 1844 dium
171 1803 280 1846 meum
303 1795 335 1845 et
357 1802 477 1845 corona
491 1801 579 1845 mea:
602 1785 659 1844 tibi
682 1794 812 1845 cantare

25 1883 26 1894 ¹
71 1893 99 1942 et
122 1883 253 1944 iubilare
283 1883 447 1943 desiderat
474 1882 581 1941 anima
610 1899 691 1943 mea.
734 1881 813 1942 Sine

72 1997 118 2039 me
137 1999 235 2042 unum
258 1982 379 2042 laetum
401 1980 488 2040 diem
510 1990 619 2041 tecum
642 1997 812 2056 peragere:

26 2127 27 2144 r
72 2089 99 2138 et
132 2080 328 2155 spiritalibus
366 2077 493 2154 gaudiis
536 2078 623 2137 hunc
664 2087 811 2138 sanctum
825 2103 848 2142 15

26 2195 27 2206 ¹
72 2176 148 2236 diem
171 2178 367 2254 expendere.
411 2176 500 2236 Licet
523 2175 610 2235 enim
639 2175 749 2235 brevis
772 2175 813 2235 sit

72 2273 133 2334 dies
148 2285 177 2336 et
189 2274 375 2336 transitoria
390 2291 455 2334 nox
470 2273 585 2334 natalis
600 2273 664 2349 tui;
680 2273 814 2333 materia

72 2381 167 2433 tamen
190 2372 393 2434 exercendae
415 2371 598 2431 devotionis
621 2387 737 2447 magna
754 2381 813 2446 est,

73 2479 97 2529 et
116 2471 202 2530 velut
223 2470 417 2530 indeficiens
438 2469 523 2546 ignis
545 2471 578 2529 in
594 2470 695 2530 altari.
727 2468 813 2545 Opto

27 2635 28 2646 χ
74 2581 139 2643 ergo
165 2569 253 2629 hunc
282 2568 368 2627 diem
391 2566 461 2626 lore
484 2567 679 2643 longiorem,
707 2576 739 2626 et
761 2583 850 2626 mezo

27 2649 28 2658 ’
74 2665 156 2725 solito
184 2667 218 2726 in
240 2682 280 2726 eo
303 2664 522 2741 devotiorem3
551 2675 585 2725 ut
614 2665 724 2725 fervor
747 2681 812 2724 non

74 2770 202 2823 transeat
224 2780 299 2823 cum
321 2772 484 2838 tempore:
507 2762 565 2821 sed
580 2762 683 2838 magis
698 2779 813 2838 augea·

75 2867 116 2918 tur
136 2861 247 2921 sedula
268 2860 487 2921 meditatione.
521 2860 550 2921 0
572 2861 642 2921 dies
664 2861 814 2936 laetitiae,
880 2923 884 2932 ,

76 2955 814 3035 ᾱΜψωωΜωΜΜω

76 3051 225 3132 linquere:
248 3055 306 3115 sed
321 3065 392 3115 esto
412 3055 491 3116 mihi
508 3073 606 3117 causa
620 3056 727 3133 gaudii
743 3073 814 3131 per·
823 3077 850 3118 25

77 3153 160 3222 petui.
190 3153 365 3230 Oquando
387 3153 498 3213 veniet
513 3153 584 3213 dies
606 3153 660 3213 illa
682 3153 734 3213 cui
750 3169 813 3212 nox

29 3231 30 3248 ¹
78 3249 393 3328 nonsucceditzquae
404 3263 587 3328 temporum
599 3252 689 3311 vices
700 3251 815 3324 nescit,

79 3346 123 3404 sed
143 3364 273 3422 semper
294 3349 381 3409 lucet
403 3358 435 3409 et
452 3348 584 3424 diescit3
606 3348 660 3407 ubi
677 3347 760 3408 facie
775 3347 814 3407 ad

80 3437 179 3504 laciem
194 3445 324 3506 videtur
338 3447 439 3522 Deus,
459 3446 513 3506 ubi
529 3447 674 3523 perfecte
690 3455 815 3504 amatur

80 3548 104 3597 et
118 3543 261 3603 laudatur
277 3542 379 3619 lesus,
401 3542 456 3603 ubi
472 3559 649 3619 numquam
665 3540 814 3601 distrahi·
824 3558 851 3598 ao

424 3647 452 3688 oo
672 3645 703 3686 τ·
