2144 4194
186 455 226 507 iffi
245 453 417 506 [SERMONES
429 454 468 496 DE
478 453 545 496 Vlla
556 453 592 494 ET
603 452 752 495 PASSIONE
765 451 892 504 DOMINI]
909 453 953 504 ω

186 587 248 646 bur
276 587 396 647 mentis
425 597 457 648 et
484 586 618 664 gratiam
640 586 789 646 internae
811 585 951 662 pingue-

187 684 290 744 dinis:
318 695 353 745 ut
374 686 456 745 haec
478 684 657 761 corporalis
679 683 850 758 ieiunatio‚
873 699 952 758 pec-

188 791 332 842 catorum
356 799 504 843 meorum
528 783 582 844 fiat
597 781 796 859 expurgatio.
829 780 950 840 Dasio

187 880 226 938 ab
257 878 344 939 escis
372 881 596 957 corporalibus
626 879 810 940 abstinere:
841 887 876 937 ut
908 877 951 936 ab

164 977 341 1038 somnibus
362 978 451 1039 vitiis
474 988 506 1039 et
527 977 736 1054 passionibus
752 976 896 1036 ieiunem
915 975 951 1034 in

188 1088 307 1136 mente.
351 1075 489 1138 Custodi
520 1094 573 1136 me
602 1095 620 1136 a
649 1075 765 1136 callido
794 1072 952 1147 inimico;

189 1175 243 1252 qui
273 1175 361 1235 omni
392 1174 487 1234 modo
516 1175 631 1234 nititur
658 1183 853 1250 conceptum
876 1189 952 1248 pro-

189 1273 331 1348 positum
361 1272 536 1349 impedire:
568 1282 600 1332 et
628 1289 647 1331 a
674 1280 787 1331 sancto
818 1269 952 1330 fervore

188 1370 362 1431 retardare.
395 1370 445 1428 Da
466 1370 632 1430 dexteram
650 1379 738 1430 tuam
755 1369 830 1428 lesu
846 1367 953 1443 bone;

154 1482 179 1523 ro
188 1476 223 1527 ut
238 1467 310 1527 sine
325 1466 442 1541 taedio,
464 1467 537 1526 sine
552 1467 704 1542 elatione,
726 1466 799 1526 sine
815 1465 954 1525 distrac-

188 1564 276 1623 tione
299 1563 407 1623 cordis
434 1563 467 1623 in
490 1573 668 1640 conspectu
692 1573 747 1623 tuo
770 1563 823 1622 his
846 1563 954 1622 sacris

189 1662 304 1722 diebus
327 1661 360 1721 in
383 1663 483 1721 choro
506 1661 658 1736 psallam:
688 1677 724 1720 ac
751 1669 818 1719 tota
847 1657 954 1718 lideli·

189 1769 253 1818 tate
282 1758 441 1819 decimam
470 1758 597 1818 dierum
629 1773 777 1817 meorum
809 1755 954 1815 devotus

189 1857 246 1917 tibi
269 1857 415 1916 offeram.
447 1855 563 1915 Amen.

156 2071 180 2110 ¹5
206 2061 262 2121 DE
285 2058 487 2122 ASCENSV
506 2057 644 2119 MOYSI
669 2058 713 2117 IN
739 2056 938 2118 MONTEM

504 2156 632 2217 SINAI.

522 2305 616 2369 [tutu]

191 2390 427 2574 &scandit
449 2443 575 2518 Moyses
597 2442 631 2501 iu
654 2446 813 2501 montem:
834 2446 867 2502 et
881 2443 957 2519 fuit

218 2509 297 2603 affl
323 2543 367 2603 ibi
389 2541 606 2617 quodraginta
625 2541 737 2600 diebus
758 2544 790 2600 et
809 2540 954 2614 quadra-

155 2643 281 2717 aginta
307 2641 460 2701 noctibus.
504 2639 591 2716 Quid
614 2648 708 2714 putas
731 2647 865 2697 sanctus
887 2637 953 2697 iste

192 2744 289 2801 homo
318 2739 361 2799 ibi
391 2736 456 2813 egit
485 2753 558 2795 cum
582 2736 751 2796 Domino?
794 2735 879 2813 Quis
902 2735 954 2795 in·

192 2837 311 2898 dicabit
332 2835 411 2910 milri
434 2843 598 2894 secretum
615 2833 729 2893 istud?
760 2832 833 2894 Osi
850 2833 954 2892 inter-

193 2934 346 2994 fuissem:
369 2944 404 2992 ut
419 2931 560 3008 Moysen
583 2931 771 3006 loquentem
793 2946 867 2990 cum
885 2931 954 2990 Do-

193 3031 281 3091 mino
310 3029 422 3090 audire
451 3029 656 3090 meruissem.
700 3029 783 3088 Nam
811 3028 954 3105 Moyses

156 3129 400 3207 asloquebatur:
443 3137 474 3188 et
517 3126 690 3186 Dominus·
721 3126 954 3202 respondebat.

194 3227 372 3288 Fruebatur
402 3241 479 3300 ergo
507 3223 551 3283 ibi
581 3224 672 3283 solus
700 3223 875 3300 colloquiis
904 3223 955 3283 di-

193 3325 294 3385 vinis:
318 3324 412 3399 longe
435 3321 615 3381 abstractus
632 3321 671 3379 ab
687 3320 857 3381 hominum
874 3337 955 3381 con-

130 3459 151 3483 f
193 3421 313 3483 sortiis.
356 3420 403 3481 lbi
426 3421 530 3496 legem
553 3418 697 3496 decalogi
720 3419 883 3494 suscepit:
907 3418 954 3480 ibi

193 3530 320 3582 secreta
342 3518 402 3578 Dei
433 3526 464 3578 et
492 3517 593 3576 multa
617 3515 772 3593 mysteria
794 3514 870 3574 fidei
895 3531 955 3575 no·

554 3623 591 3662 148
